@PREAMBLE{
 "\providecommand{\noopsort}[1]{}" 
 # "\providecommand{\singleletter}[1]{#1}%" 
}

@book{Selinger2016,
    author    = {Jonathan V. Selinger},
    title     = {Introduction to the Theory of Soft Matter: From Ideal Gases to Liquid Crystals},
    year      = {2016},
    publisher = {Springer International Publishing},
    address   = {Switzerland}
}

@article{KirillovaMarschelkeSynytska2019, 
author = {Kirillova, Alina and Marschelke, Claudia and Synytska, Alla},
title = {{Hybrid Janus Particles: Challenges and Opportunities for the
  Design of Active Functional Interfaces and Surfaces}},
journal = {ACS Applied Materials \& Interfaces},
volume = {11},
number = {10},
pages = {9643--9671},
year = {2019},
}

@article{Zarzaretal2015,
author={Zarzar LD and Sresht V and Sletten EM and Kalow JA and Blankschtein D and Swager TM},
title={Dynamically reconfigurable complex emulsions via tunable interfacial tensions},
journal = {Nature},
year={2015},
issue={518},
pages={520--524},
}

@article{McGlassonBradley2021,
author = {McGlasson, Alex and Bradley, Laura C.},
title = {{Investigating Time-Dependent Active Motion of Janus
  Micromotors using Dynamic Light Scattering}},
journal = {Small},
volume = {17},
number = {52},
pages = {2104926},
year = {2021},
}

@article{Meredithetal2022,
author = {Caleb H. Meredith and Alexander C. Castonguay and Yu-Jen Chiu and Allan M. Brooks and Pepijn G. Moerman and Peter Torab and Pak Kin Wong and Ayusman Sen and Darrell Velegol and Lauren D. Zarzar},
title = {{Chemical design of self-propelled Janus droplets}},
journal = {Matter},
volume = {5},
number = {2},
pages = {616--633},
year = {2022},
}

@article{Baniketal2021,
author = {Banik, Meneka and Sett, Shaili and Bakli, Chirodeep and  Raychaudhuri, Arup Kumar and Chakraborty, Suman and Mukherjee, Rabibrata},
title = {{Substrate wettability guided oriented self assembly of Janus
  particles}},
journal = {Scientific Reports},
number={1},
volume={11},
pages={1--8},
year = {2021},
}

@article{HongCacciutoLuijtenGranick2008,
author = {Hong, Liang and Cacciuto, Angelo and Luijten, Erik and Granick, Steve},
title = {{Clusters of Amphiphilic Colloidal Spheres}},
journal = {Langmuir},
volume = {24},
number = {3},
pages = {621--625},
year = {2008},
}

@article{doi:10.1021/la503455h,
author = {Kirillova, A. and Stoychev, G. and Ionov, L. and Synytska, A.},
title = {{Self-Assembly Behavior of Hairy Colloidal Particles with
  Different Architectures: Mixed versus Janus}},
journal = {Langmuir},
volume = {30},
number = {43},
pages = {12765--12774},
year = {2014},
}

@article{KangHonciuc2018,
author = {Kang, Chengjun and Honciuc, Andrei},
title = {{Self-Assembly of Janus Nanoparticles into Transformable
  Suprastructures}},
journal = {The Journal of Physical Chemistry Letters},
volume = {9},
number = {6},
pages = {1415--1421},
year = {2018},
}

@article{Jackson2016,
author = {Jackson, Meyer B.},
journal = {Scientific Reports},
pages = {6--9},
title = {{The Hydrophobic Effect in Solute Partitioning and Interfacial
  Tension}},
volume = {6},
year = {2016},
}

@Article{Petelska2012,
author={Petelska, Aneta D.},
title={Interfacial tension of bilayer lipid membranes},
journal={Central European Journal of Chemistry},
year={2012},
month={Feb},
volume={10},
number={1},
pages={16--26},
}

@article{GarciaSaez,
author = {Garc\'{i}a-S\'{a}ez, Ana J. and Chiantia, Salvatore and
  Schwille, Petra}, 
title = {{Effect of Line Tension on the Lateral Organization of Lipid
  Membranes}},
volume = {282}, 
number = {46}, 
pages = {33537--33544}, 
year = {2007}, 
journal = {Journal of Biological Chemistry} 
}

@article{KUZMIN2005,
title = {{Line Tension and Interaction Energies of Membrane Rafts
  Calculated from Lipid Splay and Tilt}},
journal = {Biophysical Journal},
volume = {88},
number = {2},
pages = {1120--1133},
year = {2005},
author = {Peter I. Kuzmin and Sergey A. Akimov and Yuri A. Chizmadzhev and Joshua Zimmerberg and Fredric S. Cohen},
}

@article{Israelachvili80, 
title={Physical principles of membrane organization}, 
volume={13}, 
number={2}, 
journal={Quarterly Reviews of Biophysics}, 
publisher={Cambridge University Press}, 
author={Israelachvili, J. N. and Mar\v{c}elja, S. and Horn, R. G.}, 
year={1980},
pages={121-–200}
}

@article{Lietal05,
author = {Lin, Qi and Meyer, Emily E. and Tadmor, Maria and Israelachvili, Jacob N. and Kuhl, Tonya L.},
title = {{Measurement of the Long- and Short-Range Hydrophobic
  Attraction between Surfactant-Coated Surfaces}},
journal = {Langmuir},
volume = {21},
number = {1},
pages = {251--255},
year = {2005},
}

@Article{ErLjCl89,
author ={Eriksson, Jan Christer and Ljunggren, Stig and Claesson, Per M.},
title  ={A phenomenological theory of long-range hydrophobic attraction forces based on a square-gradient variational approach},
journal  ={J. Chem. Soc.{,} Faraday Trans. 2},
year  ={1989},
volume  ={85},
issue  ={3},
pages  ={163--176},
publisher  ={The Royal Society of Chemistry},
}

@book{Boal,
author    = {D. Boal},
title     = {Mechanics of the Cell Second Edition},
year      = {2012},
publisher = {Cambridge University Press},
address   = {Cambridge, United Kingdom},
}

@article{DuFuZhuMaLi2016_AICHEJ,
title={{Breakup Dynamics for High-Viscosity Droplet Formation in a
  Flow-Focusing Device: Symmetrical and Asymmetrical Ruptures}},
volume={62},
journal={AIChE J.},
author={W. Du and T. Fu and C. Zhu and Y. Ma and H. Z. Li},
year={2016},
pages={325--337},
}

@article{TjahjadiStoneOttino1992_JFM,
title={Satellite and subsatellite formation in capillary breakup},
volume={243},
journal={J. Fluid Mech.},
author={M. Tjahjadi and H. A. Stone and J. M. Ottino},
year={1992},
pages={297--317},
}

@article{Stone1994_ARFM,
title={Dynamics Of Drop Deformation and Breakup in Viscous Fluids},
volume={26},
journal={Annu. Rev. Fluid Mech.},
author={H. A. Stone},
year={1994},
pages={65--102},
}

@article{LiRenardyRenardy2000_PoF,
title={Numerical simulation of breakup of a viscous drop in simple shear flow through a volume-of-fluid method},
volume={12},
journal={Phys. Fluids},
author={J. Lie and Y. Renardy and M. Renardy},
year={2000},
pages={269--282},
}

@article{LiuYangHuangEtAl2016_Angew,
title={{Magneto-Plasmonic Janus Vesicles for Magnetic Field-Enhanced
Photoacoustic and Magnetic Resonance Imaging of Tumors}},
volume={55},
journal={Angew. Chem. Int. Ed},
author={Y. Liu and X. Yang and Z. Huang and P. Huang and Y. Zhang and L. Deng and Z. Wang and Z. Zhou and Y. Liu and H. Kalish and  N. M. Khachab and X. Chen  and Z. Nie},
year={2016},
pages={15297--15300},
}

@article{LiWangYaoEtAl2019_Nanoscale,
title={{Cooperative Assembly of Janus Particles and Amphiphilic
  Oligomers: The Role of Janus Balance}},
volume={11},
journal={Nanoscale},
author={J. Li and J. Wang and Q. Yao and K. Yu and Y. Yan and J. Zhang},
year={2019},
pages={7221--7228},
}


@article{grandmaison_brancherie_salsac_2021,
title={Modelling of damage of a liquid-core microcapsule in simple shear flow until rupture},
volume={914},
DOI={10.1017/jfm.2020.652},
journal={Journal of Fluid Mechanics},
publisher={Cambridge University Press},
author={Grandmaison, Nicolas and Brancherie, Delphine and Salsac, Anne-Virginie},
year={2021},
pages={A25}
}

@article{HuLongZangEHan2022_arxiv,
title={Solving optimal control of rigid-body dynamics with collisions using the hybrid minimum principle},
author={Wei Hu and Jihao Long and Yaohua Zang and Weinan E and Jiequn Han},
journal={arxiv},
volume = {2205.08622},
year={2022}
}


@article{PhysRevLett.128.256102,
title = {{Controlling the Shape of Small Clusters with and without
  Macroscopic Fields}},
author = {Boccardo, Francesco and Pierre-Louis, Olivier},
journal = {Physical Review Letters},
volume = {128},
issue = {25},
pages = {256102},
year = {2022},
month = {Jun},
publisher = {American Physical Society},
}

@article{KrFiGuKaHa13,
author={Kr\"uger, T. and Frijters, S. and G\"unther, F. and Kaoui, B. and Harting, J.},
year = {2013},
title = {Numerical simulations of complex fluid-fluid interface dynamics},
journal = {The European Physical Journal Special Topics},
pages = {177--198},
volume = {222},
issue = {1}
}

@Article{D2SM00179A,
author ={Er-Rafik, Mériem and Ferji, Khalid and Combet, Jérôme and Sandre, Olivier and Lecommandoux, Sébastien and Schmutz, Marc and Le Meins, Jean-François and Marques, Carlos M.},
title  = {Tear of lipid membranes by nanoparticles},
journal = {Soft Matter},
year  = {2022},
volume = {18},
issue  = {17},
pages  = {3318--3322},
publisher  = {The Royal Society of Chemistry},
}

@Article{Brandner2019,
author={Brandner, Astrid F. and Timr, Stepan and Melchionna, Simone and
  Derreumaux, Philippe and Baaden, Marc and Sterpone, Fabio},
title = {{Modelling lipid systems in fluid with Lattice Boltzmann
  Molecular Dynamics simulations and hydrodynamics}},
journal = {Scientific Reports},
year = {2019},
volume = {9},
number = {1},
pages = {16450},
}

@article{RevModPhys.93.025008,
  title = {Equilibrium mechanisms of self-limiting assembly},
  author = {Hagan, Michael F. and Grason, Gregory M.},
  journal = {Rev. Mod. Phys.},
  volume = {93},
  issue = {2},
  pages = {025008},
  year = {2021},
  month = {Jun},
  publisher = {American Physical Society},
}

@article{doi:10.1073/pnas.2100156118,
author = {Guillermo J. Amador  and Dennis van Dijk  and Roland Kieffer  and Marie-Eve Aubin-Tam  and Daniel Tam },
title = {Hydrodynamic shear dissipation and transmission in lipid bilayers},
journal = {Proceedings of the National Academy of Sciences},
volume = {118},
number = {21},
pages = {e2100156118},
year = {2021},
}

@Article{C9NR05885K,
author ={Hu, Fang-Fang and Sun, Yu-Wei and Zhu, You-Liang and Huang,
Yi-Neng and Li, Zhan-Wei and Sun, Zhao-Yan},
title  ={{Enthalpy-driven self-assembly of amphiphilic Janus dendrimers
  into onion-like vesicles: a Janus particle model}},
journal  ={Nanoscale},
year  ={2019},
volume  ={11},
issue  ={37},
pages  ={17350--17356},
publisher  ={The Royal Society of Chemistry},
}

@article{Vutukuri2020,
author = {Vutukuri, Hanumantha Rao and
Hoore, Masoud and
Abaurrea-Velasco, Clara and 
van Buren, Lennard and 
Dutto, Alessandro and 
Auth, Thorsten and 
Fedosov, Dmitry A. and 
Gompper, Gerhard and 
Vermant, Jan},
year = {2020},
title = {Active particles induce large shape deformations in giant lipid vesicles},
journal = {Nature},
pages = {52--56},
volume = {586},
issue={7827},
}

@article{Manoharan2015_Science,
author = {Vinothan N. Manoharan },
title = {{Colloidal matter: Packing, geometry, and entropy}},
journal = {Science},
volume = {349},
number = {6251},
pages = {1253751},
year = {2015},
}

@article{CollardGrosjeanVandewalle2020,
author= {Collard, Ylona and Grosjean, Galien and Vandewalle, Nicolas},
year = {2020},
title = {Magnetically powered metachronal waves induce locomotion in self-assemblies},
journal = {Communications Physics},
volume = {3},
issue = {1},
}


@article{KONIJN201461,
title = {{Experimental study of the viscosity of suspensions: Effect of
  solid fraction, particle size and suspending liquid}},
journal = {Powder Technology},
volume = {266},
pages = {61--69},
year = {2014},
issn = {0032-5910},
author = {B.J. Konijn and O.B.J. Sanderink and N.P. Kruyt},
}

@article{VLAHOVSKA2009775,
author = {Petia M.~Vlahovska and Thomas Podgorski and Chaouqi Misbah},
journal = {Comptes Rendus Physique},
number = {8},
pages = {775--789},
title = {{Vesicles and red blood cells in flow: From individual dynamics
  to rheology}},
volume = {10},
year = {2009}
}


@article{keller_skalak_1982, 
author = {Keller, Stuart R. and Skalak, Richard}, 
title = {Motion of a tank-treading ellipsoidal particle in a shear
  flow}, 
volume = {120},
journal = {Journal of Fluid Mechanics}, 
publisher = {Cambridge University Press}, 
year = {1982}, 
pages = {27--47}
}

@article{Reynolds1886,
author = {Reynolds, Osborne},
journal = {Philosophical Transactions of the Royal Society of London},
pages = {157--234},
title = {{IV. On the theory of lubrication and its application to Mr.
  Beauchamp tower\&\#x2019;s experiments, including an experimental
    determination of the viscosity of olive oil}},
volume = {177},
year = {1886}
}

@article{cawthorn_balmforth_2010, 
author = {Cawthorn, C. J. and Balmforth, N. J.},
title = {{Contact in a viscous fluid. Part 1. A falling wedge}},
volume = {646},
journal = {Journal of Fluid Mechanics}, 
publisher = {Cambridge University Press},
year={2010},
pages = {327--338}
}

@article{WuoEd06,
author = {Wohlert,Jakob and Edholm,Olle},
journal = {The Journal of Chemical Physics},
number = {20},
pages = {204703},
title = {{Dynamics in atomistic simulations of phospholipid membranes:
  Nuclear magnetic resonance relaxation rates and lateral diffusion}},
volume = {125},
year = {2006}
}

@article{Lukas19,
author = {Bystricky, Lukas and Shanbhag, Sachin and Quaife, Bryan},
title = {Stable and contact-free time stepping for dense rigid particle
  suspensions},
journal = {International Journal for Numerical Methods in Fluids},
volume = {92},
number = {2},
pages = {94--113},
year = {2020}
}

@article{Balchunas2019_SM,
author = {J. Balchunas and R. A. Cabanas and M. J. Zakhary and T. Gibaud
  and S. Fraden and P. Sharma and M. F. Hagan and Z. Dogic},
title = {Equation of state of colloidal membranes},
journal = {Soft Matter},
year = {2019},
volume = {15},
pages = {6791},
}

@article{deGennes1991,
author = {P.-G. de Gennes},
title = {Soft Matter},
journal = {{Nobel Lecture}},
year = {1991},
volume = {},
pages = {}
}

@article{KlBaGrON13,
author = {Andreas Kl\"ockner and Alexander Barnett and Leslie Greengard
  and Michael O'Neil},
title = {{Quadrature by expansion: A new method for the evaluation of
  layer potentials}},
journal = {Journal of Computational Physics},
volume = {252},
pages = {332--349},
year = {2013},
}

@article{Fu20,
author = {Fu, Szu-Pei P. and Ryham, Rolf and Kl"ockner, Andreas and Wala, Matt and Jiang, Shidong and Young, Yuan-Nan},
title = {{Simulation of Multiscale Hydrophobic Lipid Dynamics via
Efficient Integral Equation Methods}},
journal = {Multiscale Modeling \& Simulation},
volume = {18},
number = {1},
pages = {79--103},
year = {2020}
}

@article{GoHaKo94,
author = {Gompper, G. and Hauser, M. and Kornyshev, A. A.},
journal = {The Journal of Chemical Physics},
number = {4},
pages = {3378--3389},
title = {{``Confined'' water and hydrophobic attraction as a result of
  metastable coordination, stabilized by hydrophobic surfaces}},
volume = {101},
year = {1994},
}

@Article{Finken08,
author = {Finken, R. and Lamura, A. and Seifert, U. and Gompper, G.},
title = {Two-dimensional fluctuating vesicles in linear shear flow},
journal = {The European Physical Journal E},
year = {2008},
volume = {25},
number = {3},
pages = {309--321}
}

@article{NaTr00,
author = {John F. Nagle and Stephanie Tristram-Nagle},
title = {Structure of lipid bilayers},
journal = {Biochimica et Biophysica Acta (BBA) - Reviews on
  Biomembranes},
volume = {1469},
number = {3},
pages = {159--195},
year = {2000},
}

@article{Shaqfeh11, 
author = {Zhao, Hong and Shaqfeh, Eric S. G.}, 
title = {The dynamics of a vesicle in simple shear flow}, 
volume = {674}, 
journal = {Journal of Fluid Mechanics}, 
publisher = {Cambridge University Press}, 
year = {2011}, 
pages = {578--604}
}

@article{Ryham16,
author = {R. J. Ryham and T. S. Klotz and L. Yao and F. S. Cohen},
title = {{Calculating Transition Energy Barriers and Characterizing
Activation States for Steps of Fusion}},
journal = {Biophyscis Journal},
volume = {110},
pages = {1110--1124},
year = {2016},
}

@article{qua-bir2014,
title = {High-volume fraction simulations of two-dimensional vesicle
suspensions},
author = {Bryan Quaife and George Biros},
journal = {Journal of Computational Physics},
volume = {274},
pages = {245--267},
year = {2014}
}

@article{cor-gre-rac-vee2017,
title = {{An integral equation formulation for rigid bodies in Stokes
  flow in three dimensions}},
author = {Eduardo Corona and Leslie Greengard and Manas Rachh and
  Shravan Veerapaneni},
journal = {Journal of Computational Physics},
volume = {332},
pages = {504--519},
year = {2017}
}

@article{rac-gre2016,
title = {Integral equation methods for elastance and mobility problems
in two dimensions},
author = {Manas Rachh and L.~Greengard},
journal = {SIAM Journal on Numerical Analysis},
volume = {54},
number = {5},
pages = {2889--2909},
year = {2016},
publisher = {SIAM}
}

@article{kohl-cor-che-vee22,
title={{Fast and accurate solvers for simulating Janus particle
  suspensions in Stokes flow}},
author = {Ryan Kohl and Eduardo Corona and Vani Cheruvu and Shravan Veerapaneni},
journal = {arxiv},
volume = {2104.14068},
year = {2022}
}

@article{Kaoui09,
title = {{Why Do Red Blood Cells Have Asymmetric Shapes Even in a
Symmetric Flow?}},
author = {Kaoui, Badr and Biros, George and Misbah, Chaouqi},
journal = {Physical Review Letters},
volume = {103},
issue = {18},
pages = {188101},
year = {2009},
month = {Oct},
publisher = {American Physical Society},
}

@article{lu-rah-zor2017,
title = {{Contact-aware simulations of particulate Stokesian
suspensions}},
author = {Libin Lu and Abtin Rahimian and Denis Zorin},
journal = {Journal of Computational Physics},
volume = {347},
pages = {160--182},
year = {2017}
}

@article{kab-qua-bir2018,
title = {{Low-resolution simulations of vesicle suspensions in 2D}},
author = {Gokberk Kabacao\u{g}lu and Bryan Quaife and George Biros},
journal = {Journal of Computational Physics},
volume = {357},
pages = {43--77},
year = {2018},
publisher = {Elsevier}
}

@article{yan-cor-mal-vee-she2020,
title = {{A scalable computational platform for particulate Stokes suspensions}},
author = {Wen Yan and Eduardo Corona and Dhairya Malhotra and Shravan
Veerapaneni and Michael Shelley},
journal = {Journal of Computational Physics},
volume = {416},
pages = {109524},
year = {2020}
}

@article{glo-pan-hes-jos-per2001,
title = {{A Fictitious Domain Approach to the Direct Numerical
Simulation of Incompressible Viscous Flow past Moving Rigid Bodies:
Application to Particulate Flow}},
author = {R.~Glowinski and T.~W.~Pan and T.~I.~Hesla and D.~D.~Joseph
and J.~P\'{e}riaux},
journal = {Journal of Computational Physics},
volume = {169},
pages = {363--426},
year = {2001}
}

@article{fen-mic2004,
title = {{The immersed boundary-lattice Boltzmann method for solving
fluid–particles interaction problems}},
author = {Zhi-Gang Feng and Efstathios E.~Michaelides},
journal = {Journal of Computational Physics},
volume = {195},
pages = {602--628},
year = {2004}
}

@article{sch-vla-mik2010, 
title={{Monolayer slip effects on the dynamics of a lipid bilayer
  vesicle in a viscous flow}}, 
author={Schwalbe, Jonathan T. and Vlahovska, Petia M. and Miksis,
  Michael J.}, 
volume={647}, 
journal={Journal of Fluid Mechanics}, 
publisher={Cambridge University Press}, 
year={2010}, 
pages={403--419}
}

@article{denOtter2007,
title = {{Intermonolayer Friction and Surface Shear Viscosity of Lipid
  Bilayer Membranes}},
author = {den Otter, W. K. and Shkulipa, S. A.},
journal = {Biophysical Journal},
year = {2007},
publisher = {Elsevier},
volume = {93},
number = {2},
pages = {423--433},
}

@article{pow-mir1987,
title = {{Second kind integral equation formulation of Stokes' flows
  past a particle of arbitrary shape}},
author = {H.~Power and G.~Miranda},
journal = {SIAM Journal on Applied Mathematics},
volume = {47},
number = {4},
pages = {689--698},
year = {1987}
}

@article{cou-kao-pod-mis2008,
title = {{Noninertial lateral migration of vesicles in bounded
  Poiseuille flow}},
author = {Gwennou Coupier and Badr Kaoui and Thomas Pokgorski and
  Chaoqui Misbah},
journal = {Physics of Fluids},
volume = {20},
pages = {111702},
year = {2008}
}

@article{dan-vla-mis2009,
title = {{Vesicles in Poiseuille Flow}},
author = {Gerrit Danker and Petia M.~Vlahovska and Chaouqi Misbah},
journal = {Physical Review Letters},
volume = {102},
pages = {148102},
year = {2009}
}

@article{qua-vee-you2019,
title = {Hydrodynamics and rheology of a vesicle doublet suspension},
author = {Bryan Quaife and Shravan Veerapaneni and Y.{-}N.~Young},
journal = {Physical Review Fluids},
volume = {4},
pages = {103601},
year = {2019}
}

@article{abb-far-ezz-ben-mis2021,
title = {Erythrocyte-erythrocyte aggregation dynamics under shear flow},
author = {Mehdi Abbasi and Alexander Farutin and Hamid Ez-Zahraouy and
Abdelilah Benyoussef and Chaouqi Misbah},
journal = {Physical Review Fluids},
volume = {6},
pages = {023602},
year = {2021}
}

@article{qua-gan-you2021,
title = {{Hydrodynamics of a Semipermeable Vesicle Under Flow and
Confinement}},
author = {Bryan Quaife and Ashley Gannon and Y.-N.~Young},
journal = {Physical Review Fluids},
volume = {6},
pages = {073601},
year = {2021}
}

@article{Zgorski2019,
author = {Zgorski, Andrew and Pastor, Richard W. and Lyman, Edward},
title = {{Surface Shear Viscosity and Interleaflet Friction from
  Nonequilibrium Simulations of Lipid Bilayers}},
journal = {Journal of Chemical Theory and Computation},
volume = {15},
number = {11},
pages = {6471--6481},
year = {2019}
}

@article{Bradley2017,
title = {Janus and patchy colloids at fluid interfaces},
author = {Laura C. Bradley and Wei-Han Chen and Kathleen J. Stebe and
  Daeyeon Lee},
journal = {Current Opinion in Colloid \& Interface Science},
volume = {30},
pages = {25--33},
year = {2017},
}

@article{Mallory2017,
author = {S A Mallory and F Alarcon and A Cacciuto and C Valeriani},
title = {{Self-assembly of active amphiphilic Janus particles}},
journal = {New Journal of Physics},
publisher = {{IOP} Publishing},
volume = {19},
number = {12},
pages = {125014},
year = {2017},
}

@article{Bradley2016,
author = {Bradley, Laura C. and Stebe, Kathleen J. and Lee, Daeyeon},
title = {{Clickable Janus Particles}},
journal = {Journal of the American Chemical Society},
volume = {138},
number = {36},
pages = {11437--11440},
year = {2016}
}

@article{chabanon2017,
title = {{Pulsatile Lipid Vesicles under Osmotic Stress}},
author = {Morgan Chabanon and James C.~S.~Ho and Bo Liedberg and Atul
  N.~Parikh and Padmini Rangamani},
journal = {Biophysical Journal},
volume = {112},
pages  = {1682--1691},
year = {2017}
}

@article{jef1922,
title={{The Motion of Ellipsoidal Particles Immersed in a Viscous
  Fluid}},
author={G.~B.~Jeffery},
journal={Proceedings of the Royal Society A},
volume={102},
number={715},
pages={161--179},
year={1922},
}

@article{Bao2018,
title = {{A fluctuating boundary integral method for Brownian
  suspensions}},
author = {Yuanxun Bao and Manas Rachh and Eric E. Keaveny and Leslie
  Greengard and Aleksandar Donev},
journal = {Journal of Computational Physics},
volume = {374},
pages = {1094--1119},
year = {2018},
}

@article{PhysRevLett.106.158103,
title = {{Dynamics of a Compound Vesicle in Shear Flow}},
author = {Veerapaneni, Shravan K. and Young, Y.-N. and Vlahovska, Petia
  M. and B\l{}awzdziewicz, Jerzy},
journal = {Physical Review Letters},
volume = {106},
issue = {15},
pages = {158103},
year = {2011},
publisher = {American Physical Society},
}

@article{PhysRevE.75.016313,
title = {Dynamics of a viscous vesicle in linear flows},
author = {Vlahovska, Petia M. and Gracia, Ruben Serral},
journal = {Physical Review E},
volume = {75},
issue = {1},
pages = {016313},
year = {2007},
publisher = {American Physical Society},
}

@Article{Kaoui2016,
author = {Kaoui, Badr and Harting, Jens},
title = {{Two-dimensional lattice Boltzmann simulations of vesicles with
  viscosity contrast}},
journal = {Rheologica Acta},
year = {2016},
volume = {55},
number = {6},
pages = {465--475},
}

@article{MaRa76,
author = {S. Mar\v{c}elja and N. Radic},
issue = {1},
journal = {Chemical Physical Letters},
pages = {129--130},
title = {Repulsion of interfaces due to boundary water},
volume = {42},
year = {1976}
}

@article{Ma77,
title = {{Structural Contribution to Solute-Solute Interaction}},
author = {S. Mar\v{c}elja},
journal = {Croatica Chemica Acta},
volume = {49},
issue = {2},
pages = {347--358},
year = {1977},
}

@article{LeRaPa77,
title = {{Measurement and modification of forces between lecithin
  bilayers}},
author = {D. M. LeNeveu and R. P. Rand and V. A. Parsegian and D.
  Gingell},
journal = {Biophysical Journal},
volume = {18},
issue = {2},
pages = {209--230},
year = {1977}
}

@book{Hsiao2008,
title= {{Boundary Integral Equations}},
author = {George C. Hsiao and Wolfgang L. Wendland},
year = {2008},
publisher = {Springer Berlin Heidelberg},
address = {Berlin, Heidelberg},
}

@article{Fu2022_JFM,
title = {{Two-Dimensional Vesicle Hydrodynamics from Hydrophobic
  Attraction Potential}},
author = {Szu-Pei Fu and Bryan Quaife and Rolf Ryham and Yuan-Nan
  Young},
journal = {Journal of Fluid Mechanics},
volume = {941},
pages = {A41},
year = {2022}
}

@article{GheisariSahfieeAbbasiEtAl2021_DMR,
author = {Farshid Gheisari and Mostafa Shafiee and Milad Abbasi and Ali
  Jangjou and Peyman Izadpanah and Ahmad Vaez and Ali Mohammad Amani},
title = {Janus nanoparticles: an efficient intelligent modern
  nanostructure for eradicating cancer},
journal = {Drug Metabolism Reviews},
volume = {53},
number = {4},
pages = {592--603},
year  = {2021},
publisher = {Taylor \& Francis},
}

@book{poz1992,
title = {Boundary Integral and Singularity Methods for Linearized
  Viscous Flow},
author = {C.~Pozrikidis},
publisher = {Cambridge University Press},
address = {New York, NY, USA},
year = {1992}
}

