@PREAMBLE{
 "\providecommand{\noopsort}[1]{}" 
 # "\providecommand{\singleletter}[1]{#1}%" 
}

@article{Lukas19,
author = {Bystricky, Lukas and Shanbhag, Sachin and Quaife, Bryan},
title = {Stable and contact-free time stepping for dense rigid particle suspensions},
journal = {International Journal for Numerical Methods in Fluids},
volume = {92},
number = {2},
pages = {94-113},
year = {2020}
}


@article{Fu20,
author = {Fu, Szu-Pei P. and Ryham, Rolf and Kl√∂ckner, Andreas and Wala, Matt and Jiang, Shidong and Young, Yuan-Nan},
title = {Simulation of Multiscale Hydrophobic Lipid Dynamics via Efficient Integral Equation Methods},
journal = {Multiscale Modeling \& Simulation},
volume = {18},
number = {1},
pages = {79-103},
year = {2020}
}

@Article{Finken08,
author={Finken, R.
and Lamura, A.
and Seifert, U.
and Gompper, G.},
title={Two-dimensional fluctuating vesicles in linear shear flow},
journal={The European Physical Journal E},
year={2008},
month={Mar},
day={01},
volume={25},
number={3},
pages={309-321}
}


