@book{khronos_opencl_2014,
  title = {{OpenCL} 2.0 Specification},
  author = {Khronos {OpenCL} Working Group},
  note = {(edited Aaftab Munshi)},
  month = nov,
  year = {2014},
}

@article{kloeckner_pycuda_2012,
   author = {{Kl{\"o}ckner}, Andreas
        and {Pinto}, Nicolas
        and {Lee}, Yunsup
        and {Catanzaro}, B.
        and {Ivanov}, Paul
        and {Fasih}, Ahmed },
   title = "{PyCUDA and PyOpenCL: A Scripting-Based Approach to GPU Run-Time Code Generation}",
   journal = "Parallel Computing",
   volume = "38",
   number = "3",
   pages = "157--174",
   year = "2012",
   issn = "0167-8191",
   doi = "10.1016/j.parco.2011.09.001",
}

@inproceedings{hamada_tflops_2009,
  title={42 Tflops hierarchical n-body simulations on GPUs with applications in both astrophysics and turbulence},
  author={Hamada, Tsuyoshi and Narumi, Tetsu and Yokota, Rio and Yasuoka, Kenji and Nitadori, Keigo and Taiji, Makoto},
  booktitle={Proceedings of the Conference on High Performance Computing Networking, Storage and Analysis},
  pages={62},
  year={2009},
  organization={ACM}
}

@article{darve_fast_2011,
  title={The fast multipole method on parallel clusters, multicore processors, and graphics processing units},
  author={Darve, Eric and Cecka, Cris and Takahashi, Toru},
  journal={Comptes Rendus Mecanique},
  volume={339},
  number={2},
  pages={185--193},
  year={2011},
  publisher={Elsevier}
}

@article{blelloch_scans_1989,
  title={Scans as primitive parallel operations},
  author={Blelloch, Guy E},
  journal={Computers, IEEE Transactions on},
  volume={38},
  number={11},
  pages={1526--1538},
  year={1989},
  publisher={IEEE}
}

@article{joyner_sympy_2012,
  title={Open source computer algebra systems: SymPy},
  author={Joyner, David and {\v{C}}ert{\'\i}k, Ond{\v{r}}ej and Meurer, Aaron and Granger, Brian E},
  journal={ACM Communications in Computer Algebra},
  volume={45},
  number={3/4},
  pages={225--234},
  year={2012},
  publisher={ACM}
}

