@Book{Handbook,
  author =       {M. Abramowitz and I. A. Stegun},
  title =        {Handbook of Mathematical Functions},
  publisher =    {Dover},
  year =         {1965},
}

% fast multipole methods
@article {fmm1,
    AUTHOR = {Carrier, J. and Greengard, L. and Rokhlin, V.},
     TITLE = {A fast adaptive multipole algorithm for particle simulations},
   JOURNAL = {SIAM J. Sci. Statist. Comput.},
  FJOURNAL = {Society for Industrial and Applied Mathematics. Journal on
              Scientific and Statistical Computing},
    VOLUME = {9},
      YEAR = {1988},
    NUMBER = {4},
     PAGES = {669--686},
}

@article {fmm2,
    AUTHOR = {Cheng, H. and Greengard, L. and Rokhlin, V.},
     TITLE = {A fast adaptive multipole algorithm in three dimensions},
   JOURNAL = {J. Comput. Phys.},
  FJOURNAL = {Journal of Computational Physics},
    VOLUME = {155},
      YEAR = {1999},
    NUMBER = {2},
     PAGES = {468--498},
}

@article {fmm3,
    AUTHOR = {Fong, William and Darve, Eric},
     TITLE = {The black-box fast multipole method},
   JOURNAL = {J. Comput. Phys.},
  FJOURNAL = {Journal of Computational Physics},
    VOLUME = {228},
      YEAR = {2009},
    NUMBER = {23},
     PAGES = {8712--8725},
}

@article {fmm4,
    AUTHOR = {Gimbutas, Zydrunas and Rokhlin, Vladimir},
     TITLE = {A generalized fast multipole method for nonoscillatory
              kernels},
   JOURNAL = {SIAM J. Sci. Comput.},
  FJOURNAL = {SIAM Journal on Scientific Computing},
    VOLUME = {24},
      YEAR = {2002},
    NUMBER = {3},
     PAGES = {796--817},
}

@article {fmm5,
    AUTHOR = {Greengard, L. and Rokhlin, V.},
     TITLE = {A fast algorithm for particle simulations},
   JOURNAL = {J. Comput. Phys.},
  FJOURNAL = {Journal of Computational Physics},
    VOLUME = {73},
      YEAR = {1987},
    NUMBER = {2},
     PAGES = {325--348},
}

@incollection {fmm6,
    AUTHOR = {Greengard, Leslie and Rokhlin, Vladimir},
     TITLE = {A new version of the fast multipole method for the {L}aplace
              equation in three dimensions},
 BOOKTITLE = {Acta numerica, 1997},
    SERIES = {Acta Numer.},
    VOLUME = {6},
     PAGES = {229--269},
 PUBLISHER = {Cambridge Univ. Press},
      YEAR = {1997},
}

@article {fmm7,
    AUTHOR = {Ying, Lexing and Biros, George and Zorin, Denis},
     TITLE = {A kernel-independent adaptive fast multipole algorithm in two
              and three dimensions},
   JOURNAL = {J. Comput. Phys.},
  FJOURNAL = {Journal of Computational Physics},
    VOLUME = {196},
      YEAR = {2004},
    NUMBER = {2},
     PAGES = {591--626},
}

@article {fmm8,
    AUTHOR = {Zhang, Bo and Huang, Jingfang and Pitsianis, Nikos P. and Sun,
              Xiaobai},
     TITLE = {A {F}ourier-series-based kernel-independent fast multipole
              method},
   JOURNAL = {J. Comput. Phys.},
  FJOURNAL = {Journal of Computational Physics},
    VOLUME = {230},
      YEAR = {2011},
    NUMBER = {15},
     PAGES = {5807--5821},
}

%
% fast direct solver
%
@article {fds1,
    AUTHOR = {Bremer, James},
     TITLE = {A fast direct solver for the integral equations of scattering
              theory on planar curves with corners},
   JOURNAL = {J. Comput. Phys.},
  FJOURNAL = {Journal of Computational Physics},
    VOLUME = {231},
      YEAR = {2012},
    NUMBER = {4},
     PAGES = {1879--1899},
}

@article {fds2,
    AUTHOR = {Gillman, Adrianna and Young, Patrick M. and Martinsson,
              Per-Gunnar},
     TITLE = {A direct solver with {$O(N)$} complexity for integral
              equations on one-dimensional domains},
   JOURNAL = {Front. Math. China},
  FJOURNAL = {Frontiers of Mathematics in China},
    VOLUME = {7},
      YEAR = {2012},
    NUMBER = {2},
     PAGES = {217--247},
}

@article {fds3,
    AUTHOR = {Greengard, Leslie and Gueyffier, Denis and Martinsson,
              Per-Gunnar and Rokhlin, Vladimir},
     TITLE = {Fast direct solvers for integral equations in complex
              three-dimensional domains},
   JOURNAL = {Acta Numer.},
  FJOURNAL = {Acta Numerica},
    VOLUME = {18},
      YEAR = {2009},
     PAGES = {243--275},
}
	
@article {fds4,
    AUTHOR = {Ho, Kenneth L. and Greengard, Leslie},
     TITLE = {A fast direct solver for structured linear systems by
              recursive skeletonization},
   JOURNAL = {SIAM J. Sci. Comput.},
  FJOURNAL = {SIAM Journal on Scientific Computing},
    VOLUME = {34},
      YEAR = {2012},
    NUMBER = {5},
     PAGES = {A2507--A2532},
}
	
@article {fds5,
    AUTHOR = {Kong, Wai Yip and Bremer, James and Rokhlin, Vladimir},
     TITLE = {An adaptive fast direct solver for boundary integral equations
              in two dimensions},
   JOURNAL = {Appl. Comput. Harmon. Anal.},
  FJOURNAL = {Applied and Computational Harmonic Analysis. Time-Frequency
              and Time-Scalef Analysis, Wavelets, Numerical Algorithms, and
              Applications},
    VOLUME = {31},
      YEAR = {2011},
    NUMBER = {3},
     PAGES = {346--369},
}

@article {fds6,
    AUTHOR = {Martinsson, Per-Gunnar},
     TITLE = {A fast direct solver for a class of elliptic partial
              differential equations},
   JOURNAL = {J. Sci. Comput.},
  FJOURNAL = {Journal of Scientific Computing},
    VOLUME = {38},
      YEAR = {2009},
    NUMBER = {3},
     PAGES = {316--330},
}

@article {fds7,
    AUTHOR = {Martinsson, P. G. and Rokhlin, V.},
     TITLE = {A fast direct solver for boundary integral equations in two
              dimensions},
   JOURNAL = {J. Comput. Phys.},
  FJOURNAL = {Journal of Computational Physics},
    VOLUME = {205},
      YEAR = {2005},
    NUMBER = {1},
     PAGES = {1--23},
}

@article {fds8,
    AUTHOR = {Martinsson, P. G. and Rokhlin, V.},
     TITLE = {A fast direct solver for scattering problems involving
              elongated structures},
   JOURNAL = {J. Comput. Phys.},
  FJOURNAL = {Journal of Computational Physics},
    VOLUME = {221},
      YEAR = {2007},
    NUMBER = {1},
     PAGES = {288--302},
}

% quadrature papers

@article {duffy,
    AUTHOR = {Duffy, Michael G.},
     TITLE = {Quadrature over a pyramid or cube of integrands with a
              singularity at a vertex},
   JOURNAL = {SIAM J. Numer. Anal.},
  FJOURNAL = {SIAM Journal on Numerical Analysis},
    VOLUME = {19},
      YEAR = {1982},
    NUMBER = {6},
     PAGES = {1260--1262},
}

@article {bruno2,
    AUTHOR = {Bruno, Oscar P. and Kunyansky, Leonid A.},
     TITLE = {Surface scattering in three dimensions: an accelerated
              high-order solver},
   JOURNAL = {R. Soc. Lond. Proc. Ser. A Math. Phys. Eng. Sci.},
  FJOURNAL = {The Royal Society of London. Proceedings. Series A.
              Mathematical, Physical and Engineering Sciences},
    VOLUME = {457},
      YEAR = {2001},
    NUMBER = {2016},
     PAGES = {2921--2934},
}
		
@article {bruno1,
    AUTHOR = {Bruno, Oscar P. and Kunyansky, Leonid A.},
     TITLE = {A fast, high-order algorithm for the solution of surface
              scattering problems: basic implementation, tests, and
              applications},
   JOURNAL = {J. Comput. Phys.},
  FJOURNAL = {Journal of Computational Physics},
    VOLUME = {169},
      YEAR = {2001},
    NUMBER = {1},
     PAGES = {80--110},
}

@article {gimbutas1,
    AUTHOR = {Gimbutas, Zydruna and Veerapaneni, Shravan},
     TITLE = {A Fast Algorithm for Spherical Grid Rotations and its Application to Singular Quadrature},
   JOURNAL = {SIAM J. Sci. Comput.},
  FJOURNAL = {SIAM Journal on Scientific Computing},
    VOLUME = {35},
      YEAR = {2013},
    NUMBER = {6},
     PAGES = {A2738--A2751},
}

@article {Beale2,
    AUTHOR = {Beale, J. Thomas},
     TITLE = {Methods for computing singular and nearly singular integrals},
   JOURNAL = {JoT J. Turbul.},
  FJOURNAL = {JoT. Journal of Turbulence},
    VOLUME = {3},
      YEAR = {2002},
     PAGES = {Paper 41, 4 pp. },
}
		
@article {beale1,
    AUTHOR = {Beale, J. Thomas and Lai, Ming-Chih},
     TITLE = {A method for computing nearly singular integrals},
   JOURNAL = {SIAM J. Numer. Anal.},
  FJOURNAL = {SIAM Journal on Numerical Analysis},
    VOLUME = {38},
      YEAR = {2001},
    NUMBER = {6},
     PAGES = {1902--1925},
}

% trapezoidal rule

@article {alpert,
    AUTHOR = {Alpert, Bradley K.},
     TITLE = {Hybrid {G}auss-trapezoidal quadrature rules},
   JOURNAL = {SIAM J. Sci. Comput.},
  FJOURNAL = {SIAM Journal on Scientific Computing},
    VOLUME = {20},
      YEAR = {1999},
    NUMBER = {5},
     PAGES = {1551--1584 (electronic)},
}

@article {kapur,
    AUTHOR = {Kapur, Sharad and Rokhlin, Vladimir},
     TITLE = {High-order corrected trapezoidal quadrature rules for singular
              functions},
   JOURNAL = {SIAM J. Numer. Anal.},
  FJOURNAL = {SIAM Journal on Numerical Analysis},
    VOLUME = {34},
      YEAR = {1997},
    NUMBER = {4},
     PAGES = {1331--1356},
}

@article {sidi,
    AUTHOR = {Sidi, Avram and Israeli, Moshe},
     TITLE = {Quadrature methods for periodic singular and weakly singular
              {F}redholm integral equations},
   JOURNAL = {J. Sci. Comput.},
  FJOURNAL = {Journal of Scientific Computing},
    VOLUME = {3},
      YEAR = {1988},
    NUMBER = {2},
     PAGES = {201--231},
}

% generalized gaussian quadrature

@article {ggq1,
    AUTHOR = {Bremer, James and Gimbutas, Zydrunas and Rokhlin, Vladimir},
     TITLE = {A nonlinear optimization procedure for generalized {G}aussian
              quadratures},
   JOURNAL = {SIAM J. Sci. Comput.},
  FJOURNAL = {SIAM Journal on Scientific Computing},
    VOLUME = {32},
      YEAR = {2010},
    NUMBER = {4},
     PAGES = {1761--1788},
}
		
@article {ggq2,
    AUTHOR = {Ma, J. and Rokhlin, V. and Wandzura, S.},
     TITLE = {Generalized {G}aussian quadrature rules for systems of
              arbitrary functions},
   JOURNAL = {SIAM J. Numer. Anal.},
  FJOURNAL = {SIAM Journal on Numerical Analysis},
    VOLUME = {33},
      YEAR = {1996},
    NUMBER = {3},
     PAGES = {971--996},
}

@article {ggq3,
    AUTHOR = {Yarvin, N. and Rokhlin, V.},
     TITLE = {Generalized {G}aussian quadratures and singular value
              decompositions of integral operators},
   JOURNAL = {SIAM J. Sci. Comput.},
  FJOURNAL = {SIAM Journal on Scientific Computing},
    VOLUME = {20},
      YEAR = {1998},
    NUMBER = {2},
     PAGES = {699--718},
}

% bremer papers
		
@article {bremer1,
    AUTHOR = {Bremer, James},
     TITLE = {On the {N}ystr\"om discretization of integral equations on
              planar curves with corners},
   JOURNAL = {Appl. Comput. Harmon. Anal.},
  FJOURNAL = {Applied and Computational Harmonic Analysis. Time-Frequency
              and Time-Scale Analysis, Wavelets, Numerical Algorithms, and
              Applications},
    VOLUME = {32},
      YEAR = {2012},
    NUMBER = {1},
     PAGES = {45--64},
}
		
@article {bremer2,
    AUTHOR = {Bremer, James and Rokhlin, Vladimir},
     TITLE = {Efficient discretization of {L}aplace boundary integral
              equations on polygonal domains},
   JOURNAL = {J. Comput. Phys.},
  FJOURNAL = {Journal of Computational Physics},
    VOLUME = {229},
      YEAR = {2010},
    NUMBER = {7},
     PAGES = {2507--2525},
}

@article {bremer3,
    AUTHOR = {Bremer, James and Rokhlin, Vladimir and Sammis, Ian},
     TITLE = {Universal quadratures for boundary integral equations on
              two-dimensional domains with corners},
   JOURNAL = {J. Comput. Phys.},
  FJOURNAL = {Journal of Computational Physics},
    VOLUME = {229},
      YEAR = {2010},
    NUMBER = {22},
     PAGES = {8259--8280},
}

% helsing papers

@article {helsing1,
    AUTHOR = {Helsing, Johan},
     TITLE = {Solving integral equations on piecewise smooth boundaries
              using the {RCIP} method: a tutorial},
   JOURNAL = {Abstr. Appl. Anal.},
  FJOURNAL = {Abstract and Applied Analysis},
      YEAR = {2013},
     PAGES = {Art. ID 938167, 20},
}
		
@article {helsing2,
    AUTHOR = {Helsing, Johan},
     TITLE = {A fast and stable solver for singular integral equations on
              piecewise smooth curves},
   JOURNAL = {SIAM J. Sci. Comput.},
  FJOURNAL = {SIAM Journal on Scientific Computing},
    VOLUME = {33},
      YEAR = {2011},
    NUMBER = {1},
     PAGES = {153--174},
}
		
@article {helsing3,
    AUTHOR = {Helsing, Johan and Ojala, Rikard},
     TITLE = {Corner singularities for elliptic problems: integral
              equations, graded meshes, quadrature, and compressed inverse
              preconditioning},
   JOURNAL = {J. Comput. Phys.},
  FJOURNAL = {Journal of Computational Physics},
    VOLUME = {227},
      YEAR = {2008},
    NUMBER = {20},
     PAGES = {8820--8840},
}


% qbx
@article {qbx1,
    AUTHOR = {Kloeckner, Andreas and Barnett, Alex and Greengard, Leslie and O'Neil, Michael},
     TITLE = {Quadrature by Expansion: A New Method for the Evaluation of
              Layer Potentials},
   JOURNAL = {J. Comput. Phys.},
    VOLUME = {252},
      YEAR = {2013},
    NUMBER = {1},
     PAGES = {332--349},
}

@article {qbx2a,
    AUTHOR = {Epstein, Charles L. and Greengard, Leslie and Kl{\"o}ckner,
              Andreas},
     TITLE = {On the {C}onvergence of {L}ocal {E}xpansions of {L}ayer
              {P}otentials},
   JOURNAL = {SIAM J. Numer. Anal.},
  FJOURNAL = {SIAM Journal on Numerical Analysis},
    VOLUME = {51},
      YEAR = {2013},
    NUMBER = {5},
     PAGES = {2660--2679},
}

@techreport{barnett_evaluation_2012,
  title="{Evaluation of layer potentials close to the boundary for Laplace
    and Helmholtz problems on analytic planar domains}",
  author="Barnett, Alexander",
  institution={Dartmouth College},
  year={2013},
  note="submitted",
  url="http://www.math.dartmouth.edu/~ahb/papers/ce.pdf",
}


% parallel FMM application		

@article {biros,
    AUTHOR = {Rahimian, A. and Lashuk, I. and Veerapaneni, S. and Chandramowlishwaran, A. and Malhotra, D. and 
              Moon, L. and Sampath, R. and Shringarpure, A. and Vetter, J. and Vuduc, R. and Zorin, D. and Biros, G.},
     TITLE = {Petascale direct numerical simulation of blood flow on 200K cores and heterogeneous architectures},
   JOURNAL = {ACM/IEEE Conference on Supercomputing},
      YEAR = {2010},
}


% books on integral equations

@book {colton,
    AUTHOR = {Colton, David and Kress, Rainer},
     TITLE = {Inverse acoustic and electromagnetic scattering theory},
    SERIES = {Applied Mathematical Sciences},
    VOLUME = {93},
   EDITION = {Third},
 PUBLISHER = {Springer},
   ADDRESS = {New York},
      YEAR = {2013},
     PAGES = {xiv+405},
}

@book {kress,
    AUTHOR = {Kress, Rainer},
     TITLE = {Linear integral equations},
    SERIES = {Applied Mathematical Sciences},
    VOLUME = {82},
 PUBLISHER = {Springer--Verlag},
   ADDRESS = {Berlin},
      YEAR = {1989},
     PAGES = {xii+299},
      ISBN = {3-540-50616-0},
}

@book {kellog,
    AUTHOR = {Kellog, O.},
     TITLE = {Foundations of potential theory},
 PUBLISHER = {Dover},
   ADDRESS = {New York},
      YEAR = {1954},
}

@book {ladyzhenskaya,
    AUTHOR = {Ladyzhenskaya, O. A.},
     TITLE = {The mathematical theory of viscous imcompressible flow},
 PUBLISHER = {Gordon \& Breach},
      YEAR = {1969},
}

@book {mikhlin,
    AUTHOR = {Mikhlin, S. G. and Prossdorf, S.},
     TITLE = {Singular integral operators},
 PUBLISHER = {Springer--Verlag},
   ADDRESS = {Berlin},
      YEAR = {1986},
}

@book {muskhelishvili,
    AUTHOR = {Muskhelishvili, N. I.},
     TITLE = {Singular integral equations},
 PUBLISHER = {Noordhoff},
   ADDRESS = {Groningen},
      YEAR = {1953},
}

@book {pogorzelski,
    AUTHOR = {Pogorzelski, W.},
     TITLE = {Integral equations and their applications},
 PUBLISHER = {Pergamon Press},
      YEAR = {1966},
}

@book {stakgold,
    AUTHOR = {Stakgold, I.},
     TITLE = {Boundary value problems of mathematical physics},
 PUBLISHER = {Macmillan},
      YEAR = {1968},
}

@book {banerjee,
    AUTHOR = {Banerjee, P. K. and Butterfield, R.},
     TITLE = {Boundary element methods in engineering science},
 PUBLISHER = {McGraw-Hill},
      YEAR = {1981},
}

@book {brebbia,
    AUTHOR = {Brebbia, C. A. and Telles, J. C. F. and Wrobel, L. C.},
     TITLE = {Boundary element techniques},
 PUBLISHER = {Springer-Verlag},
      YEAR = {1984},
}



% gmres

@article {gmres,
    AUTHOR = {Saad, Youcef and Schultz, Martin H.},
     TITLE = {G{MRES}: a generalized minimal residual algorithm for solving
              nonsymmetric linear systems},
   JOURNAL = {SIAM J. Sci. Statist. Comput.},
  FJOURNAL = {Society for Industrial and Applied Mathematics. Journal on
              Scientific and Statistical Computing},
    VOLUME = {7},
      YEAR = {1986},
    NUMBER = {3},
     PAGES = {856--869},
}

% fmm applications

@article {nishimura,
    AUTHOR = {Nishimura, N.},
     TITLE = {Fast multipole accelerated boundary integral equation methods},
   JOURNAL = {Appl. Mech. Rev.},
    VOLUME = {55},
      YEAR = {2002},
    NUMBER = {4},
     PAGES = {299--324},
}

@incollection {white,
    AUTHOR = {Nabors, K. and Phillips, J. and Korsmeyer, F. T. and White,
              J.},
     TITLE = {Multipole and precorrected-{FFT} accelerated iterative methods
              for solving surface integral formulations of three-dimensional
              {L}aplace problems},
 BOOKTITLE = {Domain-based parallelism and problem decomposition methods in
              computational science and engineering},
     PAGES = {193--215},
 PUBLISHER = {SIAM},
   ADDRESS = {Philadelphia, PA},
      YEAR = {1995},
   MRCLASS = {65F10 (65N99)},
  MRNUMBER = {1332736},
}

@article {ying,
    AUTHOR = {Ying, Lexing and Biros, George and Zorin, Denis},
     TITLE = {A high-order 3{D} boundary integral equation solver for
              elliptic {PDE}s in smooth domains},
   JOURNAL = {J. Comput. Phys.},
  FJOURNAL = {Journal of Computational Physics},
    VOLUME = {219},
      YEAR = {2006},
    NUMBER = {1},
     PAGES = {247--275},
}

@article {biros2,
    AUTHOR = {Biros, George and Ying, Lexing and Zorin, Denis},
     TITLE = {A fast solver for the {S}tokes equations with distributed
              forces in complex geometries},
   JOURNAL = {J. Comput. Phys.},
  FJOURNAL = {Journal of Computational Physics},
    VOLUME = {193},
      YEAR = {2004},
    NUMBER = {1},
     PAGES = {317--348},
}
