%% This BibTeX bibliography file was created using BibDesk.
%% http://bibdesk.sourceforge.net/


%% Created for Rolf Josef Ryham at 2019-11-14 23:06:57 -0500 


%% Saved with string encoding Unicode (UTF-8) 



@article{jiang1,
	Author = {Causley, Matthew F. and Petropoulos, Peter G. and Jiang, Shidong},
	Fjournal = {Journal of Computational Physics},
	Journal = {J. Comput. Phys.},
	Number = {10},
	Pages = {3884--3899},
	Title = {Incorporating the {H}avriliak-{N}egami dielectric model in the {FD}-{TD} method},
	Volume = {230},
	Year = {2011}}

@unpublished{jiang2,
	Author = {Greengard, Leslie and Hagstrom, Thomas and Jiang, Shidong},
	Note = {submitted},
	Title = {The solution of the scalar wave equation in the exterior of a sphere},
	Url = {http://arxiv.org/abs/1308.0643},
	Year = {2013},
	Bdsk-Url-1 = {http://arxiv.org/abs/1308.0643}}

@unpublished{jiang3,
	Author = {Jiang, Shidong and Greengard, Leslie and Bao, Weizhu},
	Note = {submitted},
	Title = {Fast and accurate evaluation of nonlocal Coulomb and dipole-dipole interactions via the nonuniform FFT},
	Url = {http://arxiv.org/abs/1311.4120},
	Year = {2013},
	Bdsk-Url-1 = {http://arxiv.org/abs/1311.4120}}

@unpublished{jiang4,
	Author = {Jiang, Shidong and Greengard, Leslie and Wang, Shaobo},
	Note = {submitted},
	Title = {Efficient separated sum-of-exponentials approximations for the heat kernels and their applications},
	Url = {http://arxiv.org/abs/1308.3883},
	Year = {2013},
	Bdsk-Url-1 = {http://arxiv.org/abs/1308.3883}}

@article{jiang5,
	Author = {Jiang, Shidong and Kropinski, Mary Catherine A. and Quaife, Bryan},
	Fjournal = {Journal of Computational Physics},
	Journal = {J. Comput. Phys.},
	Pages = {113-126},
	Title = {Second Kind Integral Equation Formulation for the Modified Biharmonic Equation and its Applications},
	Volume = {249},
	Year = {2013}}

@article{jiang6,
	Author = {Jiang, Shidong and Liang, Zhi and Huang, Jingfang},
	Fjournal = {Mathematics of Computation},
	Journal = {Math. Comp.},
	Number = {283},
	Pages = {1631--1645},
	Title = {A fast algorithm for {B}rownian dynamics simulation with hydrodynamic interactions},
	Volume = {82},
	Year = {2013}}

@article{jiang7,
	Author = {Jiang, Shidong and Veerapaneni, Shravan and Greengard, Leslie},
	Fjournal = {SIAM Journal on Scientific Computing},
	Journal = {SIAM J. Sci. Comput.},
	Number = {4},
	Pages = {A2197--A2219},
	Title = {Integral equation methods for unsteady {S}tokes flow in two dimensions},
	Volume = {34},
	Year = {2012}}

@article{jiang8,
	Author = {Jiang, Shidong and Ren, Bo and Tsuji, Paul and Ying, Lexing},
	Fjournal = {Journal of Computational Physics},
	Journal = {J. Comput. Phys.},
	Number = {19},
	Pages = {7488--7501},
	Title = {Second kind integral equations for the first kind {D}irichlet problem of the biharmonic equation in three dimensions},
	Volume = {230},
	Year = {2011}}

@article{jiang9,
	Author = {Liang, Zhi and Gimbutas, Zydrunas and Greengard, Leslie and Huang, Jingfang and Jiang, Shidong},
	Fjournal = {Journal of Computational Physics},
	Journal = {J. Comput. Phys.},
	Pages = {133--139},
	Title = {A fast multipole method for the {R}otne-{P}rager-{Y}amakawa tensor and its applications},
	Volume = {234},
	Year = {2013}}

@article{jiang10,
	Author = {Xu, Kuan and Jiang, Shidong},
	Fjournal = {Journal of Scientific Computing},
	Journal = {J. Sci. Comput.},
	Number = {1},
	Pages = {16--39},
	Title = {A bootstrap method for sum-of-poles approximations},
	Volume = {55},
	Year = {2013}}

@article{jiang11,
	Author = {Hang, Fengbo and Jiang, Shidong},
	Fjournal = {Applied and Computational Harmonic Analysis. Time-Frequency and Time-Scale Analysis, Wavelets, Numerical Algorithms, and Applications},
	Journal = {Appl. Comput. Harmon. Anal.},
	Number = {1},
	Pages = {100--116},
	Title = {Generalized {P}oincar\'e-{B}ertrand formula on a hypersurface},
	Volume = {27},
	Year = {2009}}

@article{jiang12,
	Author = {Jiang, Shidong},
	Fjournal = {Applied and Computational Harmonic Analysis. Time-Frequency and Time-Scale Analysis, Wavelets, Numerical Algorithms, and Applications},
	Journal = {Appl. Comput. Harmon. Anal.},
	Number = {3},
	Pages = {395--403},
	Title = {Jump relations of the quadruple layer potential on a regular surface in three dimensions},
	Volume = {21},
	Year = {2006}}

@article{jiang13,
	Author = {Jiang, Shidong and Rokhlin, Vladimir},
	Fjournal = {Journal of Computational Physics},
	Journal = {J. Comput. Phys.},
	Number = {1},
	Pages = {1--16},
	Title = {Second kind integral equations for the classical potential theory on open surfaces. {II}},
	Volume = {195},
	Year = {2004}}

@article{jiang14,
	Author = {Jiang, Shidong and Rokhlin, Vladimir},
	Fjournal = {Journal of Computational Physics},
	Journal = {J. Comput. Phys.},
	Number = {1},
	Pages = {40--74},
	Title = {Second kind integral equations for the classical potential theory on open surfaces. {I}. {A}nalytic apparatus},
	Volume = {191},
	Year = {2003}}

@article{jiang15,
	Author = {Kolm, Petter and Jiang, Shidong and Rokhlin, Vladimir},
	Fjournal = {Applied and Computational Harmonic Analysis. Time-Frequency and Time-Scale Analysis, Wavelets, Numerical Algorithms, and Applications},
	Journal = {Appl. Comput. Harmon. Anal.},
	Number = {1},
	Pages = {47--74},
	Title = {Quadruple and octuple layer potentials in two dimensions. {I}. {A}nalytical apparatus},
	Volume = {14},
	Year = {2003}}

@article{greengard2019sirev,
	Author = {Greengard, Leslie and Jiang, Shidong},
	Doi = {10.1137/18M1216158},
	Fjournal = {SIAM Review},
	Issn = {0036-1445},
	Journal = {SIAM Rev.},
	Mrclass = {31A10 (31A35 31B10 31B35 45F15 65N80 65R20 76D07)},
	Mrnumber = {4027835},
	Number = {4},
	Pages = {733--755},
	Title = {A {N}ew {M}ixed {P}otential {R}epresentation for {U}nsteady, {I}ncompressible {F}low},
	Url = {https://doi.org/10.1137/18M1216158},
	Volume = {61},
	Year = {2019},
	Bdsk-Url-1 = {https://doi.org/10.1137/18M1216158}}

@article{barnett2019paa,
	Author = {Barnett, Alex and Epstein, Charles L. and Greengard, Leslie and Jiang, Shidong and Wang, Jun},
	Doi = {10.2140/paa.2019.1.709},
	Fjournal = {Pure and Applied Analysis},
	Issn = {2578-5885},
	Journal = {Pure Appl. Anal.},
	Mrclass = {65R20 (35K20)},
	Mrnumber = {4026552},
	Number = {4},
	Pages = {709--742},
	Title = {Explicit unconditionally stable methods for the heat equation via potential theory},
	Url = {https://doi.org/10.2140/paa.2019.1.709},
	Volume = {1},
	Year = {2019},
	Bdsk-Url-1 = {https://doi.org/10.2140/paa.2019.1.709}}

@article{wang2019jsc,
	Author = {Wang, Shaobo and Jiang, Shidong and Wang, Jing},
	Doi = {10.1007/s10915-018-0872-x},
	Fjournal = {Journal of Scientific Computing},
	Issn = {0885-7474},
	Journal = {J. Sci. Comput.},
	Mrclass = {65M80 (35K05 35K08 35K20 65R20 65T50)},
	Mrnumber = {3968991},
	Number = {2},
	Pages = {787--808},
	Title = {Fast high-order integral equation methods for solving boundary value problems of two dimensional heat equation in complex geometry},
	Url = {https://doi.org/10.1007/s10915-018-0872-x},
	Volume = {79},
	Year = {2019},
	Bdsk-Url-1 = {https://doi.org/10.1007/s10915-018-0872-x}}

@article{greengard2018sisc,
	Author = {Greengard, Leslie and Jiang, Shidong and Zhang, Yong},
	Doi = {10.1137/18M1184497},
	Fjournal = {SIAM Journal on Scientific Computing},
	Issn = {1064-8275},
	Journal = {SIAM J. Sci. Comput.},
	Mrclass = {65N80 (65T50 68Q25 68R10 68U05)},
	Mrnumber = {3874017},
	Mrreviewer = {Nikolay M. Evstigneev},
	Number = {6},
	Pages = {A3733--A3754},
	Title = {The anisotropic truncated kernel method for convolution with free-space {G}reen's functions},
	Url = {https://doi.org/10.1137/18M1184497},
	Volume = {40},
	Year = {2018},
	Bdsk-Url-1 = {https://doi.org/10.1137/18M1184497}}

@article{helsing2018sisc,
	Author = {Helsing, Johan and Jiang, Shidong},
	Doi = {10.1137/17M1162238},
	Fjournal = {SIAM Journal on Scientific Computing},
	Issn = {1064-8275},
	Journal = {SIAM J. Sci. Comput.},
	Mrclass = {65R20 (35J40 45B05)},
	Mrnumber = {3845277},
	Mrreviewer = {D. G. Natroshvili},
	Number = {4},
	Pages = {A2609--A2630},
	Title = {On integral equation methods for the first {D}irichlet problem of the biharmonic and modified biharmonic equations in nonsmooth domains},
	Url = {https://doi.org/10.1137/17M1162238},
	Volume = {40},
	Year = {2018},
	Bdsk-Url-1 = {https://doi.org/10.1137/17M1162238}}

@article{lai2018acha,
	Author = {Lai, Jun and Jiang, Shidong},
	Doi = {10.1016/j.acha.2016.06.009},
	Fjournal = {Applied and Computational Harmonic Analysis. Time-Frequency and Time-Scale Analysis, Wavelets, Numerical Algorithms, and Applications},
	Issn = {1063-5203},
	Journal = {Appl. Comput. Harmon. Anal.},
	Mrclass = {78A50 (31A10 35Q60 35Q61 45C05 78A05)},
	Mrnumber = {3768855},
	Mrreviewer = {Michael J. Carley},
	Number = {3},
	Pages = {645--664},
	Title = {Second kind integral equation formulation for the mode calculation of optical waveguides},
	Url = {https://doi.org/10.1016/j.acha.2016.06.009},
	Volume = {44},
	Year = {2018},
	Bdsk-Url-1 = {https://doi.org/10.1016/j.acha.2016.06.009}}

@article{jiang2018jsc,
	Author = {Jiang, Shidong and Wang, Dong and Wang, Xiao-Ping},
	Doi = {10.1007/s10915-017-0448-1},
	Fjournal = {Journal of Scientific Computing},
	Issn = {0885-7474},
	Journal = {J. Sci. Comput.},
	Mrclass = {65M70 (35K05 82C24)},
	Mrnumber = {3742888},
	Number = {1},
	Pages = {474--490},
	Title = {An efficient boundary integral scheme for the {MBO} threshold dynamics method via the {NUFFT}},
	Url = {https://doi.org/10.1007/s10915-017-0448-1},
	Volume = {74},
	Year = {2018},
	Bdsk-Url-1 = {https://doi.org/10.1007/s10915-017-0448-1}}

@article{shang2018mcom,
	Author = {Zhang, Qian and Zhang, Jiwei and Jiang, Shidong and Zhang, Zhimin},
	Doi = {10.1090/mcom/3229},
	Fjournal = {Mathematics of Computation},
	Issn = {0025-5718},
	Journal = {Math. Comp.},
	Mrclass = {65M06 (26A33 33F05 35Q53 35R11)},
	Mrnumber = {3739214},
	Mrreviewer = {Chenglie Hu},
	Number = {310},
	Pages = {693--719},
	Title = {Numerical solution to a linearized time fractional {K}d{V} equation on unbounded domains},
	Url = {https://doi.org/10.1090/mcom/3229},
	Volume = {87},
	Year = {2018},
	Bdsk-Url-1 = {https://doi.org/10.1090/mcom/3229}}

@article{jiang2017cicp,
	Author = {Jiang, Shidong and Zhang, Jiwei and Zhang, Qian and Zhang, Zhimin},
	Doi = {10.4208/cicp.OA-2016-0136},
	Fjournal = {Communications in Computational Physics},
	Issn = {1815-2406},
	Journal = {Commun. Comput. Phys.},
	Mrclass = {65M06 (35R11 65M12)},
	Mrnumber = {3639246},
	Number = {3},
	Pages = {650--678},
	Title = {Fast evaluation of the {C}aputo fractional derivative and its applications to fractional diffusion equations},
	Url = {https://doi.org/10.4208/cicp.OA-2016-0136},
	Volume = {21},
	Year = {2017},
	Bdsk-Url-1 = {https://doi.org/10.4208/cicp.OA-2016-0136}}

@article{ben2016tpm,
	Author = {Ben-Zvi, Rami and Scher, Harvey and Jiang, Shidong and Berkowitz, Brian},
	Doi = {10.1007/s11242-016-0712-0},
	Fjournal = {Transport in Porous Media},
	Issn = {0169-3913},
	Journal = {Transp. Porous Media},
	Mrclass = {65M60 (45K05 76M10 76S05)},
	Mrnumber = {3568232},
	Number = {2},
	Pages = {239--263},
	Title = {One-dimensional finite element method solution of a class of integro-differential equations: application to non-{F}ickian transport in disordered media},
	Url = {https://doi.org/10.1007/s11242-016-0712-0},
	Volume = {115},
	Year = {2016},
	Bdsk-Url-1 = {https://doi.org/10.1007/s11242-016-0712-0}}

@article{jiang2016oe,
	Author = {Jiang, Shidong and Lai, Jun},
	Journal = {Optics Express},
	Number = {22},
	Pages = {24872--24882},
	Title = {A Quantitative Study of the Effect of Cladding Thickness on Modal Confinement Loss in Photonic Waveguides},
	Volume = {24},
	Year = {2016}}

@article{jiang2016jcp,
	Author = {Jiang, Shidong and Luo, Li-Shi},
	Doi = {10.1016/j.jcp.2016.04.011},
	Fjournal = {Journal of Computational Physics},
	Issn = {0021-9991},
	Journal = {J. Comput. Phys.},
	Mrclass = {65R20 (76P05 82C40)},
	Mrnumber = {3494361},
	Mrreviewer = {Michael J. Carley},
	Pages = {416--434},
	Title = {Analysis and accurate numerical solutions of the integral equation derived from the linearized {BGKW} equation for the steady {C}ouette flow},
	Url = {https://doi.org/10.1016/j.jcp.2016.04.011},
	Volume = {316},
	Year = {2016},
	Bdsk-Url-1 = {https://doi.org/10.1016/j.jcp.2016.04.011}}

@article{gan2016sisc,
	Author = {Gan, Zecheng and Jiang, Shidong and Luijten, Erik and Xu, Zhenli},
	Doi = {10.1137/15M105046X},
	Fjournal = {SIAM Journal on Scientific Computing},
	Issn = {1064-8275},
	Journal = {SIAM J. Sci. Comput.},
	Mrclass = {65N80 (31B05 35J25 35Q82 78M16)},
	Mrnumber = {3493124},
	Mrreviewer = {Corentin L\'{e}na},
	Number = {3},
	Pages = {B375--B395},
	Title = {A hybrid method for systems of closely spaced dielectric spheres and ions},
	Url = {https://doi.org/10.1137/15M105046X},
	Volume = {38},
	Year = {2016},
	Bdsk-Url-1 = {https://doi.org/10.1137/15M105046X}}

@article{fu2015pre,
	Author = {Fu, Szu-Pei and Young, Y.-N. and Jiang, Shidong},
	Doi = {10.1103/PhysRevE.91.063008},
	Fjournal = {Physical Review E. Statistical, Nonlinear, and Soft Matter Physics},
	Issn = {1539-3755},
	Journal = {Phys. Rev. E (3)},
	Mrclass = {92D20 (76A05 82D60)},
	Mrnumber = {3491453},
	Number = {6},
	Pages = {063008, 10},
	Title = {Efficient {B}rownian dynamics simulation of {DNA} molecules with hydrodynamics interactions in linear flows},
	Url = {https://doi.org/10.1103/PhysRevE.91.063008},
	Volume = {91},
	Year = {2015},
	Bdsk-Url-1 = {https://doi.org/10.1103/PhysRevE.91.063008}}

@article{greengard2015jcp,
	Author = {Greengard, Leslie and Hagstrom, Thomas and Jiang, Shidong},
	Doi = {10.1016/j.jcp.2015.07.009},
	Fjournal = {Journal of Computational Physics},
	Issn = {0021-9991},
	Journal = {J. Comput. Phys.},
	Mrclass = {78A45 (65M99)},
	Mrnumber = {3384718},
	Pages = {98--105},
	Title = {Extension of the {L}orenz-{M}ie-{D}ebye method for electromagnetic scattering to the time-domain},
	Url = {https://doi.org/10.1016/j.jcp.2015.07.009},
	Volume = {299},
	Year = {2015},
	Bdsk-Url-1 = {https://doi.org/10.1016/j.jcp.2015.07.009}}

@article{jiang2015acom,
	Author = {Jiang, Shidong and Greengard, Leslie and Wang, Shaobo},
	Doi = {10.1007/s10444-014-9372-1},
	Fjournal = {Advances in Computational Mathematics},
	Issn = {1019-7168},
	Journal = {Adv. Comput. Math.},
	Mrclass = {65M80 (30E15 35K05 35K08 45D05 65E05 65R10 80A20)},
	Mrnumber = {3357924},
	Number = {3},
	Pages = {529--551},
	Title = {Efficient sum-of-exponentials approximations for the heat kernel and their applications},
	Url = {https://doi.org/10.1007/s10444-014-9372-1},
	Volume = {41},
	Year = {2015},
	Bdsk-Url-1 = {https://doi.org/10.1007/s10444-014-9372-1}}

@article{bao2015jcp,
	Author = {Bao, Weizhu and Jiang, Shidong and Tang, Qinglin and Zhang, Yong},
	Doi = {10.1016/j.jcp.2015.04.045},
	Fjournal = {Journal of Computational Physics},
	Issn = {0021-9991},
	Journal = {J. Comput. Phys.},
	Mrclass = {65M70 (35Q55 65T50)},
	Mrnumber = {3348493},
	Mrreviewer = {Yingda Cheng},
	Pages = {72--89},
	Title = {Computing the ground state and dynamics of the nonlinear {S}chr\"{o}dinger equation with nonlocal interactions via the nonuniform {FFT}},
	Url = {https://doi.org/10.1016/j.jcp.2015.04.045},
	Volume = {296},
	Year = {2015},
	Bdsk-Url-1 = {https://doi.org/10.1016/j.jcp.2015.04.045}}

@article{jiang2014sisc,
	Author = {Jiang, Shidong and Greengard, Leslie and Bao, Weizhu},
	Doi = {10.1137/130945582},
	Fjournal = {SIAM Journal on Scientific Computing},
	Issn = {1064-8275},
	Journal = {SIAM J. Sci. Comput.},
	Mrclass = {65T50 (33F05 44A35 65R10)},
	Mrnumber = {3264568},
	Mrreviewer = {Guang Ming Yao},
	Number = {5},
	Pages = {B777--B794},
	Title = {Fast and accurate evaluation of nonlocal {C}oulomb and dipole-dipole interactions via the nonuniform {FFT}},
	Url = {https://doi.org/10.1137/130945582},
	Volume = {36},
	Year = {2014},
	Bdsk-Url-1 = {https://doi.org/10.1137/130945582}}

@article{greengard2014jcp,
	Author = {Greengard, Leslie and Hagstrom, Thomas and Jiang, Shidong},
	Doi = {10.1016/j.jcp.2014.05.031},
	Fjournal = {Journal of Computational Physics},
	Issn = {0021-9991},
	Journal = {J. Comput. Phys.},
	Mrclass = {35L05 (33C55 35C10 35L15)},
	Mrnumber = {3231763},
	Pages = {191--207},
	Title = {The solution of the scalar wave equation in the exterior of a sphere},
	Url = {https://doi.org/10.1016/j.jcp.2014.05.031},
	Volume = {274},
	Year = {2014},
	Bdsk-Url-1 = {https://doi.org/10.1016/j.jcp.2014.05.031}}
