
@string{aaa = "Abstr. Appl. Anal."}

@string{acom = "Adv. Comput. Math."}

@string{an = "Acta Numer."}

@string{aiaaj = "AIAA J."}

@string{aiaajrs = "AIAA J. Rocket Spacecraft"}

@string{aamm = "Adv. Appl. Math. Mech."}
@string{aamech = "Adv. Appl. Mech."}
@string{awr = "Adv. Water Resour."}
@string{aichej = "AIChE J."}

@string{analch = "Anal. Chem."}
@string{analchacta = "Anal. Chim. Acta"}

@string{amm = "Appl. Math. Model."}
@string{aml = "Appl. Math. Lett."}
@string{anm = "Appl. Numer. Math."}
@string{apl = "Appl. Phys. Lett."}
@string{acha = "Appl. Comput. Harmon. Anal."}


@string{abme = "Ann. Biomed. Eng."}

@string{annphys = "Ann. Phys."}

@string{arfm = "Annu. Rev. Fluid Mech."}
@string{arbme = "Annu. Rev. Biomed. Eng."}

@string{asr = "Appl. Sci. Res."}

@string{arkfys = "Ark. Fys."}

@string{arma = "Arch. Ration. Mech. Anal."}
@string{archmech = "Arch. Mech."}

@string{asymanal = "Asymptotic Anal."}

@string{biomicrofluid = "Biomicrofluid."}
@string{bsbe = "Biosens. Bioelectron."}
@string{bpj = "Biophys. J."}

@string{chinphys = "Chin. Phys."}
@string{csb = "Chin. Sci. Bull."}

@string{cacie = "Comput.-Aid Civil Infrastruct. Eng."}
@string{cmame = "Comput. Meth. Appl. Mech. Eng."}
@string{cmatersci = "Comput. Mater. Sci."}
@string{cma = "Comput. Math. Appl."}
@string{cmame = "Comput. Methods Appl. Mech. Engrg."}
@string{cnf = "Comput. Fluids"}
@string{cpc = "Comput. Phys. Commun."}

@string{ces = "Chem. Eng. Sci."}

@string{cicp = "Commun. Comput. Phys."}
@string{cmp = "Commun. Math. Phys."}
@string{cms = "Commun. Math. Sci."}
@string{cpam = "Comm. Pure Appl. Math."}

@string{cjp = "Can. J. Phys."}

@string{crI = "C. R. Acad. Sci. Paris S\'er. I Math."}
@string{crmec = "C. R. Mecanique"}


@string{complexsys = "Complex Syst."}

@string{cmechtherm = "Continuum Mech. Thermodyn."}

@string{dcdsa = "Discrete and Cont. Dyn. Syst., Ser. A"}

@string{electrophoresis = "Electrophoresis"}

@string{enb = "Energ. Buldings"}


@string{ejmbf = "Euro. J. Mech. B/Fluids"}
@string{epl = "Europhys. Lett."}
@string{epjst = "Eur. Phys. J. Spec. Top."}

@string{fluiddyn = "Fluid Dyn."}


@string{gji = "Geophys. J. Int."}
@string{grl = "Geophys. Res. Lett."}

@string{hnt = "Heat Mass Trans."}

@string{imajam = "IMA J. Appl. Math."}

@string{ijcfd = "Int. J. Comput. Fluid Dyn."}
@string{ijhff = "Int. J. Heat Fluid Flow"}
@string{ijhmt = "Int. J. Heat Mass Trans."}
@string{ijmp = "Int. J. Miner. Process."}
@string{ijmpb = "Int. J. Mod. Phys. B"}
@string{ijmpc = "Int. J. Mod. Phys. C"}
@string{ijmf = "Int. J. Multiphase Flow"}
@string{ijmsce = "Int. J. Multiscale Comput. Eng."}

@string{ijnam = "Int. J. Numer. Anal. Met."}
@string{ijnmhff = "Int. J. Numer. Meth. Heat Fluid Flow"}
@string{ijnme = "Int. J. Numer. Meth. Eng."}
@string{ijnmf = "Int. J. Numer. Meth. Fluids"}
@string{ijts = "Int. J. Therm. Sci."}


@string{jae = "J. Aerospace Eng."}
@string{jaircraft = "J. Aircraft"}


@string{jap = "J. Appl. Phys."}
@string{jamtp = "J. Appl. Mech. Tech. Phys."}

@string{jbiomech = "J. Biomech."}

@string{jchph = "J. Chem. Phys."}
@string{jca = "J. Chromat. A"}
@string{jcis = "J. Colloid Interface Sci."}

@string{jcam = "J. Comput. Appl. Math."}
@string{jcmse = "J. Comput. Method. Sci. Eng."}

@string{jcp = "J. Comput. Phys."}

@string{jdeq = "J. Differ. Equations"}

@string{jhde = "J. Hyperbolic Differ. Equations"}

@string{jfe = "J. Fluids Eng."}
@string{jfeasme = "Trans. ASME: J. Fluids Eng."}
@string{jfm = "J. Fluid Mech."}
@string{jfs = "J. Fluid Struct."}

@string{jinfectchemo = "J. Infect. Chemother."}

@string{jmems = "J. Microelectromechan. Syst."}
@string{jmr = "J. Mar. Res."}
@string{jmaa = "J. Math. Anal. Appl."}
@string{jmfm = "J. Math. Fluid Mech."}
@string{jmphy = "J. Math. Phys."}

@string{jneqth = "J. Non-Equilib. Thermodyn."}
@string{jnnfm = "J. Non-Newton. Fluid Mech."}

@string{jpo = "J. Phys. Oceanogr."}
@string{jpa = "J. Phys. A"}
@string{jpcm = "J. Phys.: Condens. Matter"}
@string{jpcrefd = "J. Phys. Chem. Ref. Data"}
@string{jpd = "J. Phys. D"}

@string{jpse = "J. Petro. Sci. Eng."}
@string{jpsj = "J. Phys. Soc. Japan"}
@string{jp = "J. Phys."}
@string{jp2 = "J. Phys. II"}

@string{jps = "J. Power Resource."}

@string{jrma = "J. Ration. Mech. Anal."}

@string{jrsinterface = "J. R. Soc., Interface"}

@string{jsc = "J. Sci. Comput."}
@string{jsiam = "J. Soc. Indust. Appl. Math."}

@string{jsm = "J. Stat. Mech.: Theory Exp."}
@string{jsp = "J. Stat. Phys."}

@string{jot = "J. Turbul."}
@string{jtht = "J. Thermophys. Heat Transf."}
@string{jtp = "J. Thermophys."}

@string{krm = "Kinetic Related Models"}


@string{labchip = "Lab Chip"}

@string{mathcomput = "Math. Comput."}
@string{mcs = "Math. Comput. Simulat."}
@string{mmmas = "Math. Models Meth. Appl. Sci."}
@string{mathgeology = "Math. Geology"}


@string{macromole = "Macromolecules"}
@string{mmts = "Macromol. Theor. Simul."}

@string{mri = "Magn. Reson. Imaging"}
@string{mfnf = "Microfluid. Nanofluid."}
@string{mtpe = "Microscale Thermophys. Eng."}
@string{mplb = "Mod. Phys. Lett. B"}

@string{nature = "Nature"}
@string{natnanotech = "Nature Nanotech."}
@string{natrevdd = "Nature Rev. Drug Discov."}

@string{nams = "Notices AMS"}

@string{nfao = "Numer. Funct. Anal. Opt."}
@string{nhta = "Numer. Heat Transfer A"}
@string{nhtb = "Numer. Heat Transfer B"}
@string{nummath = "Numer. Math."}
@string{nmtma = "Numer. Math. Theor. Meth. Appl."}
@string{nmpde = "Numer. Meth. Part. Differ. Equations"}

@string{parallelcomput = "Parallel Comput."}

@string{pas = "Prog. Aerospace Sci."}
@string{pcfd = "Prog. Comput. Fluid Dym."}

@string{philosmag = "Philos. Mag."}
@string{ptrs = "Philos. Trans. R. Soc."}
@string{ptrsl = "Philos. Trans. R. Soc. London"}
@string{ptrsla = "Philos. Trans. R. Soc. London, Ser. A"}

@string{physa = "Physica A"}
@string{physd = "Physica D"}
@string{pccp = "Phys. Chem. Chem. Phys."}
@string{pof = "Phys. Fluids"}
@string{pofa = "Phys. Fluids A"}
@string{pla = "Phys. Lett. A"}
@string{phyrep = "Phys. Rep."}
@string{pr = "Phys. Rev."}
@string{pra = "Phys. Rev. A"}
@string{prb = "Phys. Rev. B"}
@string{pre = "Phys. Rev. E"}
@string{prx = "Phys. Rev. X"}
@string{prl = "Phys. Rev. Lett."}

@string{powdertech = "Powder Tech."}

@string{pamm = "Proc. Appl. Math. Mech."}
@string{plms = "Proc. London Math. Soc."}
@string{pnas = "Proc. Natl. Acad. Sci. U. S. A."}

@string{prsa = "Proc. R. Soc. A"}
@string{prsla = "Proc. R. Soc. London, Ser. A"}

@string{qam = "Quart. Appl. Math."}

@string{rmp = "Rev. Mod. Phys."}
@string{rpp = "Rep. Prog. Phys."}

@string{science = "Science"}

@string{sensoractuatorb = "Sensors Actuators B"}

@string{siap = "SIAM J. Appl. Math."}
@string{siammms = "SIAM Multiscale Model. Simul."}
@string{sinum = "SIAM J. Numer. Anal."}
@string{sisc = "SIAM J. Sci. Comput."}
@string{siamrev = "SIAM Rev."}

@string{softmatter = "Soft Matter"}

@string{spd = "Sov. Phys. Dokl."}

@string{surfsci = "Surf. Sci."}

@string{tpm = "Transp. Porous Media"}

@string{tcfd = "Theor. Comput. Fluid Dyn."}

@string{vzj = "Vadose Zone J."}

@string{wrr = "Water Resour. Res."}

@string{zamm = "Z. Angew. Math. Mech."}
@string{zamp = "Z. Angew. Math. Phys."}

