@article{kress_boundary_1991,
        title = {Boundary integral equations in time-harmonic acoustic scattering},
        volume = {15},
        doi = {10.1016/0895-7177(91)90068-I},
        number = {3–5},
        journal = {Mathematical and Computer Modelling},
        author = {Kress, Rainer},
        year = {1991},
        pages = {229--243}
}
        issn = {0895-7177},
        url = {http://www.sciencedirect.com/science/article/pii/089571779190068I},
        abstract = {We first review the basic existence results for exterior boundary value problems for the Helmholtz equation via boundary integral equations. Then we describe the numerical solution of these integral equations in two dimensions for a smooth boundary curve using trigonometric polynomials on an equidistant mesh. We provide a comparison of the Nyström method, the collocation method and the Galerkin method. In each case we take proper care of the logarithmic singularity of the kernel of the integral equation by choosing appropriate quadrature rules. In the case of analytic data the convergence order is exponential. The Nyström method is the most efficient since it requires the least computational effort. Finally, we consider boundary curves with corners. Here, we use a graded mesh based on the idea of transforming the nonsmooth case to a smooth periodic case via an appropriate substitution. Then, the application of Nyström method again yields rapid convergence.},

@article{nystroem_praktische_1930,
  author={Nyström, E.J.},
  title="{Über Die Praktische Auflösung von Integralgleichungen mit Anwendungen auf Randwertaufgaben}",
  journal={Acta Mathematica},
  year={1930},
  volume={54},
  number={1},
  pages={185--204},
  doi={10.1007/BF02547521}
}

@article{kolm_numerical_2001,
  title = "Numerical quadratures for singular and hypersingular integrals",
  journal = "Computers and Mathematics with Applications",
  volume = "41",
  number = "3--4",
  pages = "327--352",
  year = "2001",
  doi = "10.1016/S0898-1221(00)00277-7",
  author = "Kolm, Petter and Rokhlin, Vladimir",
}
abstract = "We present a procedure for the design of high-order quadrature rules for the numerical evaluation of singular and hypersingular integrals; such integrals are frequently encountered in solution of integral equations of potential theory in two dimensions. Unlike integrals of both smooth and weakly singular functions, hypersingular integrals are pseudo-differential operators, being limits of certain integrals; as a result, standard quadrature formulae fail for hypersingular integrals. On the other hand, such expressions are often encountered in mathematical physics (see, for example, [1]), and it is desirable to have simple and efficient “quadrature” formulae for them. The algorithm we present constructs high-order “quadratures” for the evaluation of hypersingular integrals. The additional advantage of the scheme is the fact that each of the quadratures it produces can be used simultaneously for the efficient evaluation of hypersingular integrals, Hilbert transforms, and integrals involving both smooth and logarithmically singular functions; this results in significantly simplified implementations. The performance of the procedure is illustrated with several numerical examples."
issn = "0898-1221",

@article{kress_numerical_1995,
  title = "{On the numerical solution of a hypersingular integral equation in scattering theory}",
  journal = "Journal of Computational and Applied Mathematics",
  volume = "61",
  number = "3",
  pages = "345--360",
  year = "1995",
  doi = "10.1016/0377-0427(94)00073-7",
  author = "Kress, Rainer",
}
abstract = "We describe a fully discrete method for the numerical solution of the hypersingular integral equation arising from the combined double- and single-layer approach for the solution of the exterior Neumann problem for the two-dimensional Helmholtz equation in smooth domains. We develop an error analysis in a Hölder space setting with pointwise estimates and prove an exponential convergence rate for analytic boundaries and boundary data."

@techreport{nguyen_accurate_2011,
  title="{Accurate evaluation of layer potentials up to the boundary}",
  author="Nguyen, Hahn and Barnett, Alexander",
  url="http://www.math.dartmouth.edu/~ahb/posters/HanhNguyen2011posterWISP.pdf",
  year={2011},
}


@book{hackbusch_integral_1995,
  title={Integral equations: theory and numerical treatment},
  author={Hackbusch, Wolfgang},
  volume={120},
  year={1995},
  publisher={Birkh{\"a}user}
}

@book{davis_1984,
  title="{Methods of Numerical Integration}",
  author={Davis, P. J. and Rabinowitz, P.},
  year={1984},
  publisher={Academic Press, San Diego}
}

@article{hackbusch_sauter_1994,
  title="{On numerical cubatures of nearly singular surface integrals arising in BEM collocation}",
  author={Hackbusch, W. and Sauter, S. A.},
  journal = {Computing},
  volume={52},
  number={2},
  pages={139--159},
  year={1994},
  doi={10.1007/BF02238073}
}

@article{graglia_2008,
  title="{Machine Precision Evaluation of Singular and
Nearly Singular Potential Integrals by Use of Gauss
Quadrature Formulas for Rational Functions}",
  author={Graglia, R. D. and Lombardi, G.},
  journal = {IEEE Transactions on Antennas and Propagation},
  volume={56},
  number={4},
  pages={981--998},
  year={2008},
  doi={10.1109/TAP.2008.919181},
}

@article{jarvenpaa_2003,
  title="{Singularity extraction technique for integral equation
methods with higher order basis functions on plane triangles and tetrahedra}",
  author={Jarvenpää, S. and Taskinen, M. and Yla-Oijala, P.},
  journal = {International Journal for Numerical Methods in Engineering},
  volume={58},
  pages={1149--1165},
  year={2003},
  doi={10.1002/nme.810},
}

@article{schwab_1992,
  title="{On numerical cubatures of singular surface integrals in boundary element methods}",
  author={Schwab, C. and Wendland, W. L.},
  journal = {Numerische Mathematik},
  volume={62},
  pages={342--369},
  year={1992},
  doi={10.1007/BF01396234},
}

@article{khayat_2005,
  title="{Numerical Evaluation of Singular and Near-Singular
Potential Integrals}",
  author={Khayat, M. A. and Wilton, D. R.},
  journal = {IEEE Transactions on Antennas and Propagation},
  volume={53},
  number={10},
  pages={3180--3190},
  year={2005},
  doi={10.1109/TAP.2005.856342},
}

@article{ying_2006,
  title="{A high-order 3D boundary integral equation solver for elliptic PDEs in smooth domains}",
  author={Ying, L. and Biros, G. and Zorin, D.},
  journal = {Journal of Computational Physics},
  volume={219},
  pages={247--275},
  year={2006},
  doi={10.1016/j.jcp.2006.03.021},
}

@article{farina_2001,
  title="{Evaluation of single layer potentials over curved surfaces}",
  author={Farina, L.},
  journal = {{SIAM} Journal on Scientific Computing},
  volume={23},
  number={1},
  pages={81--91},
  year={2001},
  doi={10.1137/S1064827599363393},
}

@article{strain_1995,
  title="{Locally-corrected multidimensional quadrature rules for singular functions}",
  author={Strain, J.},
  journal = {{SIAM} Journal on Scientific Computing},
  volume={16},
  number={4},
  pages={992--1017},
  year={1995},
  doi={10.1137/0916058},
}

@article{johnson_1989,
  title="{An Analysis of Quadrature Errors in Second-Kind Boundary Integral Methods}",
  author={Johnson, C. G. L. and Scott, L. R.},
  journal = {{SIAM} Journal on Numerical Analysis},
  volume={26},
  number={6},
  pages={1356--1382},
  year={1989},
  doi={10.1137/0726079},
}

@article{atkinson_1995,
  title="{Piecewise polynomial collocation for boundary integral equations}",
  author={Atkinson, K. E. and Chien, D.},
  journal = {{SIAM} Journal on Scientific Computing},
  volume={16},
  number={3},
  pages={651--681},
  year={1995},
}

@article{carley_2007,
  title="{Numerical quadratures for singular and hypersingular integrals in boundary element methods}",
  author={Carley, M.},
  journal = {{SIAM} Journal on Scientific Computing},
  volume={29},
  number={3},
  pages={1207--1216},
  year={2007},
}

@book{atkinson_1997,
  title="{The Numerical Solution of Integral Equations of the Second Kind}",
  author={Atkinson,, K. E.},
  year={1997},
  publisher={Cambridge University Press, Cambridge, UK}
}

@article{lowengrub_1993,
  title="{High-order and efficient methods for the vorticity formulation of
the Euler equations}",
  author={Lowengrub, J. and Shelley, M. and Merriman, B.},
  journal = {{SIAM} Journal on Scientific Computing},
  volume={14},
  pages={1107--1142},
  year={1993},
  doi={10.1137/0914067},
}

@article{goodman_1990,
  title="{Convergence of the point vortex method for the 2-D Euler equations}",
  author={Goodman, J. and Hou, T. Y. and Lowengrub, J.},
  journal = {Communications on Pure and Applied Mathematics},
  volume={43},
  pages={415--430},
  year={1990},
  doi={10.1002/cpa.3160430305},
}

@article{haroldson_1998,
  title="{Numerical Calculation of Three-dimensional Interfacial Potential Flows
using the Point Vortex Method}",
  author={Haroldsen, D. J. and Meiron, D. I.},
  journal = {Communications on Pure and Applied Mathematics},
  volume={43},
  pages={415--430},
  year={1990},
  doi={10.1137/S1064827596302060},
}

@article{mayo_1985,
  title="{Fast, High-order accurate solution of Laplace's equation on Irregular Regions}",
  author={Mayo, A.},
  journal = {{SIAM} Journal on Scientific Computing},
  journal = {Communications on Pure and Applied Mathematics},
  volume={20},
  pages={648--683},
  year={1998},
  doi={10.1137/0906012},
}

@techreport{trefethen_approximation_2012,
  title="{Approximation Theory and Approximation Practice}",
  author="Trefethen, Lloyd N.",
  year=2012,
  note="in prep., retrieved May 23, 2012",
  institution="Oxford University",
  url="http://www2.maths.ox.ac.uk/chebfun/ATAP/",
}

@book{stoer_introduction_2002,
  edition = {3},
  title = {Introduction to Numerical Analysis},
  isbn = {{038795452X}},
  publisher = {Springer},
  author = {Stoer, J. and Bulirsch, R.},
  translator = {Bartels, R. and Gautschi, W. and Witzgall, C.},
  month = aug,
  year = {2002}
}

@book{olver_nist_2010,
  title = "{NIST Handbook of Mathematical Functions}",
  isbn = {9780521192255},
  abstract = {Modern developments in theoretical and applied science depend on knowledge of the properties of mathematical functions, from elementary trigonometric functions to the multitude of special functions. These functions appear whenever natural phenomena are studied, engineering problems are formulated, and numerical simulations are performed. They also crop up in statistics, financial models, and economic analysis. Using them effectively requires practitioners to have ready access to a reliable collection of their {properties.This} handbook results from a 10-year project conducted by the National Institute of Standards and Technology with an international group of expert authors and validators. It is destined to replace its predecessor, the classic but long-out-dated {NBS} Handbook of Mathematical Functions, edited by Abramowitz and Stegun.},
  publisher = {Cambridge University Press},
  author = {Olver, Frank W. J. and {(U.S.)}, National Institute of Standards and Technology},
  month = may,
  year = {2010},
  url={http://dlmf.nist.gov}
}

@book{sauter_boundary_2010,
  title = {Boundary Element Methods},
  publisher = {Springer},
  author = {Sauter, Stefan A. and Schwab, Christoph},
  month = nov,
  year = {2010},
  keywords = {Boundary element methods, Differential equations, Elliptic, Error analysis {(Mathematics)}, Galerkin methods, integral equations, Mathematics / Counting \& Numeration, Mathematics / Differential Equations / General, Mathematics / General, Mathematics / Number Systems, Mathematics / Numerical Analysis}
}
  abstract = {This work presents a thorough treatment of boundary element methods {(BEM)} for solving strongly elliptic boundary integral equations obtained from boundary reduction of elliptic boundary value problems  in {\${\textbackslash}mathbb{R}{\textasciicircum}3\$.} The book is self-contained, the prerequisites on elliptic partial differential and integral equations being presented in Chapters 2 and 3. The main focus is on the development, analysis, and implementation of Galerkin boundary element methods, which is one of the most flexible and robust numerical discretization methods for integral equations. For the efficient realization of the Galerkin {BEM}, it is essential to replace time-consuming steps in the numerical solution process with fast algorithms. In Chapters 5-9 these methods are developed, analyzed, and formulated in an algorithmic way.},
  isbn = {9783540680925},



@article{rodin_boundary_2003,
  title = "{Boundary Element Preconditioners for Problems Defined on Slender Domains}",
  volume = {24},
  doi = {10.1137/S1064827500372067},
  number = {4},
  journal = {{SIAM} Journal on Scientific Computing},
  author = {Rodin, G. J. and Steinbach, O.},
  year = {2003},
  pages = {1450},
}

@article{panic_solubility_1965,
    AUTHOR = {Pani{\v{c}}, O. I.},
     TITLE = {On the solubility of exterior boundary-value problems for the
              wave equation and for a system of {M}axwell's equations},
   JOURNAL = {Uspehi Mat. Nauk},
    VOLUME = {20},
      YEAR = {1965},
    NUMBER = {1 (121)},
     PAGES = {221--226},
}
  FJOURNAL = {Akademiya Nauk SSSR i Moskovskoe Matematicheskoe Obshchestvo.
              Uspekhi Matematicheskikh Nauk},
      ISSN = {0042-1316},

@article{leis_dirichletschen_1965,
  title = "{Zur Dirichletschen Randwertaufgabe des Außenraumes der Schwingungsgleichung}",
  volume = {90},
  doi = {10.1007/BF01119203},
  number = {3},
  journal = {Mathematische Zeitschrift},
  author = {Leis, Rolf},
  year = {1965},
  pages = {205--211},
  file = {SpringerLink Full Text PDF:/home/andreas/.mozilla/firefox/7al8du4b.default/zotero/storage/AK9QWFNJ/Leis - 1965 - Zur Dirichletschen Randwertaufgabe des Außenraumes.pdf:application/pdf;SpringerLink Snapshot:/home/andreas/.mozilla/firefox/7al8du4b.default/zotero/storage/CCJZXZHZ/abstract.html:text/html}
}
  issn = {0025-5874},
  url = {http://www.springerlink.com/content/w847g20m85308374/abstract/},
  keywords = {Mathematics and Statistics},

@article{brakhage_uber_1965,
  title = "{Über das Dirichletsche Außenraumproblem für die Helmholtzsche Schwingungsgleichung}",
  volume = {16},
  doi = {10.1007/BF01220037},
  number = {1},
  journal = {Archiv der Mathematik},
  author = {Brakhage, Helmut and Werner, Peter},
  year = {1965},
  pages = {325--329},
}

@book{colton_inverse_1998,
  edition = {2nd},
  title = {Inverse Acoustic and Electromagnetic Scattering Theory},
  isbn = {{354062838X}},
  publisher = {Springer},
  author = {Colton, David and Kress, Rainer},
  month = jan,
  year = {1998}
}


@article{saad_gmres_1986,
  title = "{GMRES: A Generalized Minimal Residual Algorithm for Solving Nonsymmetric Linear Systems}",
  volume = {7},
  doi = {10.1137/0907058},
  number = {3},
  journal = {{SIAM} Journal on Scientific and Statistical Computing},
  author = {Saad, Youcef and Schultz, Martin H.},
  month = jul,
  year = {1986},
  pages = {856--869},
}
	issn = {0196-5204},
	url = {http://epubs.siam.org/doi/abs/10.1137/0907058},



@book{nedelec_acoustic_2001,
  edition = {1},
  title = {Acoustic and Electromagnetic Equations},
  isbn = {0387951555},
  publisher = {Springer},
  author = {Nédélec, {Jean-Claude}},
  month = mar,
  year = {2001}
}

@article{helsing_integral_2009,
  title = {Integral equation methods for elliptic problems with boundary conditions of mixed type},
  volume = {228},
  issn = {0021-9991},
  doi = {10.1016/j.jcp.2009.09.004},
  number = {23},
  journal = {Journal of Computational Physics},
  author = {Helsing, Johan},
  month = dec,
  year = {2009},
  keywords = {Elasticity, Mixed boundary value problem, Potential theory, second kind integral equation},
  pages = {8892--8907},
}

@article{bruno_fast_2012,
  title = {Fast high-order algorithms and well-conditioned integral equations for high-frequency sound-hard scattering problems},
  journal = {Int. Journal Numerical Methods in Engineering},
  author = {Bruno, O. P. and Elling, T. and Turc, C.},
  year = {2012},
  note = {To appear},
  url = {http://filer.case.edu/cct21/Scattering_Neumann_BET.pdf},
}


@article{delves_numerical_1967,
  title = {A Numerical Method for Locating the Zeros of an Analytic Function},
  volume = {21},
  doi = {10.2307/2004999},
  number = {100},
  urldate = {2012-12-12},
  journal = {Math. Comp.},
  author = {Delves, L. M. and Lyness, J. N.},
  month = oct,
  year = {1967},
  pages = {543--560},
},
  issn = {0025-5718},
  url = {http://www.jstor.org/stable/2004999},

@article{lyness_numerical_1967,
  title = {On Numerical Contour Integration Round a Closed Contour},
  volume = {21},
  doi = {10.2307/2005000},
  number = {100},
  urldate = {2012-12-22},
  journal = {Math. Comp.},
  author = {Lyness, J. N. and Delves, L. M.},
  month = oct,
  year = {1967},
  pages = {561--577},
}
  issn = {0025-5718},
  url = {http://www.jstor.org/stable/2005000},


@article{chapko_numerical_2000,
  title = {On the numerical solution of a hypersingular integral equation for elastic scattering from a planar crack},
  volume = {20},
  doi = {10.1093/imanum/20.4.601},
  language = {en},
  number = {4},
  urldate = {2012-12-22},
  journal = {{IMA} J Numer Anal},
  author = {Chapko, Roman and Kress, Rainer and Mönch, Lars},
  month = oct,
  year = {2000},
  pages = {601--619},
}
  issn = {0272-4979, 1464-3642},
  url = {http://imajna.oxfordjournals.org/content/20/4/601},



-------------------------------------------------------------------------------
Forward-looking bits
-------------------------------------------------------------------------------


@techreport{kloeckner_general_2012,
  title="{Quadrature by Taylor Expansion: A high-order method for
    general singular integrals}",
  author={Klöckner, Andreas},
  year=2013,
  institution={Courant Institute},
  note="in prep.",
}

@techreport{helsing_tutorial_2012,
  title="{Solving integral equations on piecewise smooth boundaries using the 
   RCIP method: a tutorial}",
  author={Helsing, Johan},
  year=2013,
  institution={Lund University},
  note="\href{http://arxiv.org/abs/1207.6737}{arxiv:1207.6737}",
}

@techreport{epstein_convergence_2012,
  title="{On the convergence of local expansions of layer potentials}",
  author={Epstein, Charles and Greengard, Leslie and Klöckner, Andreas},
  year=2013,
  institution={Courant Institute},
  note="submitted, \href{http://arxiv.org/abs/1212.3868}{arxiv:1212.3868}",
}

@techreport{qbx_acceleration_2012,
  title="{ Fast Algorithms for the Evaluation of Layer Potentials using `Quadrature by Expansion' }",
  author={Greengard, Leslie and O'Neil, Michael and Barnett, Alexander and Klöckner, Andreas },
  year=2013,
  institution={Courant Institute},
  note="in prep.",
}

@article{helsing_2008a,
  title="{On the evaluation of layer potentials close to their sources}",
  author={Helsing, J. and Ojala, R.},
  journal = {Journal of Computational Physics},
  volume={227},
  pages={2899--2921},
  year={2008},
  doi={10.1016/j.jcp.2007.11.024},
}

@article {wala2019jcp,
    AUTHOR = {Wala, Matt and Kl\"{o}ckner, Andreas},
     TITLE = {A fast algorithm for quadrature by expansion in three
              dimensions},
   JOURNAL = {J. Comput. Phys.},
  FJOURNAL = {Journal of Computational Physics},
    VOLUME = {388},
      YEAR = {2019},
     PAGES = {655--689},
      ISSN = {0021-9991},
   MRCLASS = {65D30},
  MRNUMBER = {3934895},
MRREVIEWER = {R. Jedynak},
       DOI = {10.1016/j.jcp.2019.03.024},
       URL = {https://doi.org/10.1016/j.jcp.2019.03.024},
}
		
@article {wala2018jcp,
    AUTHOR = {Wala, Matt and Kl\"{o}ckner, Andreas},
     TITLE = {A fast algorithm with error bounds for {Q}uadrature by
              {E}xpansion},
   JOURNAL = {J. Comput. Phys.},
  FJOURNAL = {Journal of Computational Physics},
    VOLUME = {374},
      YEAR = {2018},
     PAGES = {135--162},
      ISSN = {0021-9991},
   MRCLASS = {65D30},
  MRNUMBER = {3864446},
MRREVIEWER = {Tomasz Blaszczyk},
       DOI = {10.1016/j.jcp.2018.05.006},
       URL = {https://doi.org/10.1016/j.jcp.2018.05.006},
}
		
@article {abtin2018bit,
    AUTHOR = {Rahimian, Abtin and Barnett, Alex and Zorin, Denis},
     TITLE = {Ubiquitous evaluation of layer potentials using quadrature by
              kernel-independent expansion},
   JOURNAL = {BIT},
  FJOURNAL = {BIT. Numerical Mathematics},
    VOLUME = {58},
      YEAR = {2018},
    NUMBER = {2},
     PAGES = {423--456},
      ISSN = {0006-3835},
   MRCLASS = {65N38 (65D30)},
  MRNUMBER = {3803863},
MRREVIEWER = {Agegnehu Atena},
       DOI = {10.1007/s10543-017-0689-2},
       URL = {https://doi.org/10.1007/s10543-017-0689-2},
}
		
@article {af2018sisc,
    AUTHOR = {af Klinteberg, Ludvig and Tornberg, Anna-Karin},
     TITLE = {Adaptive quadrature by expansion for layer potential
              evaluation in two dimensions},
   JOURNAL = {SIAM J. Sci. Comput.},
  FJOURNAL = {SIAM Journal on Scientific Computing},
    VOLUME = {40},
      YEAR = {2018},
    NUMBER = {3},
     PAGES = {A1225--A1249},
      ISSN = {1064-8275},
   MRCLASS = {65D30 (65N38)},
  MRNUMBER = {3796373},
MRREVIEWER = {Tian-Xiao He},
       DOI = {10.1137/17M1121615},
       URL = {https://doi.org/10.1137/17M1121615},
}
		
@article {siegel2018jcp,
    AUTHOR = {Siegel, Michael and Tornberg, Anna-Karin},
     TITLE = {A local target specific quadrature by expansion method for
              evaluation of layer potentials in 3{D}},
   JOURNAL = {J. Comput. Phys.},
  FJOURNAL = {Journal of Computational Physics},
    VOLUME = {364},
      YEAR = {2018},
     PAGES = {365--392},
      ISSN = {0021-9991},
   MRCLASS = {65N38 (33C55 65D30)},
  MRNUMBER = {3787433},
       DOI = {10.1016/j.jcp.2018.03.006},
       URL = {https://doi.org/10.1016/j.jcp.2018.03.006},
}
		
@article {rachh2017jcp,
    AUTHOR = {Rachh, Manas and Kl\"{o}ckner, Andreas and O'Neil, Michael},
     TITLE = {Fast algorithms for quadrature by expansion {I}: {G}lobally
              valid expansions},
   JOURNAL = {J. Comput. Phys.},
  FJOURNAL = {Journal of Computational Physics},
    VOLUME = {345},
      YEAR = {2017},
     PAGES = {706--731},
      ISSN = {0021-9991},
   MRCLASS = {65N38},
  MRNUMBER = {3667635},
MRREVIEWER = {Michael J. Carley},
       DOI = {10.1016/j.jcp.2017.04.062},
       URL = {https://doi.org/10.1016/j.jcp.2017.04.062},
}
		
@article {af2017acom,
    AUTHOR = {af Klinteberg, Ludvig and Tornberg, Anna-Karin},
     TITLE = {Error estimation for quadrature by expansion in layer
              potential evaluation},
   JOURNAL = {Adv. Comput. Math.},
  FJOURNAL = {Advances in Computational Mathematics},
    VOLUME = {43},
      YEAR = {2017},
    NUMBER = {1},
     PAGES = {195--234},
      ISSN = {1019-7168},
   MRCLASS = {65D30},
  MRNUMBER = {3598839},
MRREVIEWER = {Alexandru Ioan Mitrea},
       DOI = {10.1007/s10444-016-9484-x},
       URL = {https://doi.org/10.1007/s10444-016-9484-x},
}
		
@article {af2016jcp,
    AUTHOR = {af Klinteberg, Ludvig and Tornberg, Anna-Karin},
     TITLE = {A fast integral equation method for solid particles in viscous
              flow using quadrature by expansion},
   JOURNAL = {J. Comput. Phys.},
  FJOURNAL = {Journal of Computational Physics},
    VOLUME = {326},
      YEAR = {2016},
     PAGES = {420--445},
      ISSN = {0021-9991},
   MRCLASS = {65N38 (76M15 76T20)},
  MRNUMBER = {3554148},
       DOI = {10.1016/j.jcp.2016.09.006},
       URL = {https://doi.org/10.1016/j.jcp.2016.09.006},
}
		
@article {klockner2013jcp,
    AUTHOR = {Kl\"{o}ckner, Andreas and Barnett, Alexander and Greengard, Leslie
              and O'Neil, Michael},
     TITLE = {Quadrature by expansion: a new method for the evaluation of
              layer potentials},
   JOURNAL = {J. Comput. Phys.},
  FJOURNAL = {Journal of Computational Physics},
    VOLUME = {252},
      YEAR = {2013},
     PAGES = {332--349},
      ISSN = {0021-9991},
   MRCLASS = {65D30 (45Exx)},
  MRNUMBER = {3101510},
       DOI = {10.1016/j.jcp.2013.06.027},
       URL = {https://doi.org/10.1016/j.jcp.2013.06.027},
}

@misc{ding2019arxiv,
    title={Quadrature by Two Expansions: Evaluating Laplace Layer Potentials using Complex Polynomial and Plane Wave Expansions},
    author={Lingyun Ding and Jingfang Huang and Jeremy L. Marzuola},
    year={2019},
    eprint={1907.00091},
    archivePrefix={arXiv},
    primaryClass={math.NA}
}

@article {minden2017siammms,
    AUTHOR = {Minden, Victor and Ho, Kenneth L. and Damle, Anil and Ying,
              Lexing},
     TITLE = {A recursive skeletonization factorization based on strong
              admissibility},
   JOURNAL = {Multiscale Model. Simul.},
  FJOURNAL = {Multiscale Modeling \& Simulation. A SIAM Interdisciplinary
              Journal},
    VOLUME = {15},
      YEAR = {2017},
    NUMBER = {2},
     PAGES = {768--796},
      ISSN = {1540-3459},
   MRCLASS = {65F05 (45A05 65F08 65R20)},
  MRNUMBER = {3639567},
MRREVIEWER = {Juan Manuel Pe\~{n}a},
       DOI = {10.1137/16M1095949},
       URL = {https://doi.org/10.1137/16M1095949},
}

@article {ho2016cpam2,
    AUTHOR = {Ho, Kenneth L. and Ying, Lexing},
     TITLE = {Hierarchical interpolative factorization for elliptic
              operators: differential equations},
   JOURNAL = {Comm. Pure Appl. Math.},
  FJOURNAL = {Communications on Pure and Applied Mathematics},
    VOLUME = {69},
      YEAR = {2016},
    NUMBER = {8},
     PAGES = {1415--1451},
      ISSN = {0010-3640},
   MRCLASS = {35J15 (65N06 65N22)},
  MRNUMBER = {3518236},
MRREVIEWER = {Ariel Barton},
       DOI = {10.1002/cpa.21582},
       URL = {https://doi.org/10.1002/cpa.21582},
}
		
@article {ho2016cpam1,
    AUTHOR = {Ho, Kenneth L. and Ying, Lexing},
     TITLE = {Hierarchical interpolative factorization for elliptic
              operators: integral equations},
   JOURNAL = {Comm. Pure Appl. Math.},
  FJOURNAL = {Communications on Pure and Applied Mathematics},
    VOLUME = {69},
      YEAR = {2016},
    NUMBER = {7},
     PAGES = {1314--1353},
      ISSN = {0010-3640},
   MRCLASS = {45B05},
  MRNUMBER = {3503023},
MRREVIEWER = {M. Isabel Berenguer},
       DOI = {10.1002/cpa.21577},
       URL = {https://doi.org/10.1002/cpa.21577},
}
		
@article {minden2016,
    AUTHOR = {Minden, Victor and Damle, Anil and Ho, Kenneth L. and Ying,
              Lexing},
     TITLE = {A technique for updating hierarchical skeletonization-based
              factorizations of integral operators},
   JOURNAL = {Multiscale Model. Simul.},
  FJOURNAL = {Multiscale Modeling \& Simulation. A SIAM Interdisciplinary
              Journal},
    VOLUME = {14},
      YEAR = {2016},
    NUMBER = {1},
     PAGES = {42--64},
      ISSN = {1540-3459},
   MRCLASS = {65R20},
  MRNUMBER = {3439754},
MRREVIEWER = {Angelamaria Cardone},
       DOI = {10.1137/15M1024500},
       URL = {https://doi.org/10.1137/15M1024500},
}

@article {bremer2013jcp,
    AUTHOR = {Bremer, James and Gimbutas, Zydrunas},
     TITLE = {On the numerical evaluation of the singular integrals of
              scattering theory},
   JOURNAL = {J. Comput. Phys.},
  FJOURNAL = {Journal of Computational Physics},
    VOLUME = {251},
      YEAR = {2013},
     PAGES = {327--343},
      ISSN = {0021-9991},
   MRCLASS = {65D30 (45E05 78A45)},
  MRNUMBER = {3094922},
MRREVIEWER = {V\'{\i}ctor Dom\'{\i}nguez},
       DOI = {10.1016/j.jcp.2013.05.048},
       URL = {https://doi.org/10.1016/j.jcp.2013.05.048},
}

@article {bremer2012jcp,
    AUTHOR = {Bremer, James and Gimbutas, Zydrunas},
     TITLE = {A {N}ystr\"{o}m method for weakly singular integral operators on
              surfaces},
   JOURNAL = {J. Comput. Phys.},
  FJOURNAL = {Journal of Computational Physics},
    VOLUME = {231},
      YEAR = {2012},
    NUMBER = {14},
     PAGES = {4885--4903},
      ISSN = {0021-9991},
   MRCLASS = {65N38 (65R10)},
  MRNUMBER = {2927977},
       DOI = {10.1016/j.jcp.2012.04.003},
       URL = {https://doi.org/10.1016/j.jcp.2012.04.003},
}

@article {xiao2010cma,
    AUTHOR = {Xiao, Hong and Gimbutas, Zydrunas},
     TITLE = {A numerical algorithm for the construction of efficient
              quadrature rules in two and higher dimensions},
   JOURNAL = {Comput. Math. Appl.},
  FJOURNAL = {Computers \& Mathematics with Applications. An International
              Journal},
    VOLUME = {59},
      YEAR = {2010},
    NUMBER = {2},
     PAGES = {663--676},
      ISSN = {0898-1221},
   MRCLASS = {65D30 (41A55 41A63 65D32)},
  MRNUMBER = {2575555},
MRREVIEWER = {Kai Diethelm},
       DOI = {10.1016/j.camwa.2009.10.027},
       URL = {https://doi.org/10.1016/j.camwa.2009.10.027},
}

@article {gimbutas2013sisc,
    AUTHOR = {Gimbutas, Zydrunas and Veerapaneni, Shravan},
     TITLE = {A fast algorithm for spherical grid rotations and its
              application to singular quadrature},
   JOURNAL = {SIAM J. Sci. Comput.},
  FJOURNAL = {SIAM Journal on Scientific Computing},
    VOLUME = {35},
      YEAR = {2013},
    NUMBER = {6},
     PAGES = {A2738--A2751},
      ISSN = {1064-8275},
   MRCLASS = {65R10 (45P05 65T40)},
  MRNUMBER = {3134433},
MRREVIEWER = {Denis N. Sidorov},
       DOI = {10.1137/120900587},
       URL = {https://doi.org/10.1137/120900587},
}

@article {vioreanu2014,
    AUTHOR = {Vioreanu, B. and Rokhlin, V.},
     TITLE = {Spectra of multiplication operators as a numerical tool},
   JOURNAL = {SIAM J. Sci. Comput.},
  FJOURNAL = {SIAM Journal on Scientific Computing},
    VOLUME = {36},
      YEAR = {2014},
    NUMBER = {1},
     PAGES = {A267--A288},
      ISSN = {1064-8275},
   MRCLASS = {65D30 (65D05)},
  MRNUMBER = {3166969},
MRREVIEWER = {Roberto Cavoretto},
       DOI = {10.1137/110860082},
       URL = {https://doi.org/10.1137/110860082},
}

@article {qbx2,
    AUTHOR = {Epstein, Charles L. and Greengard, Leslie and Kl\"{o}ckner,
              Andreas},
     TITLE = {On the convergence of local expansions of layer potentials},
   JOURNAL = {SIAM J. Numer. Anal.},
  FJOURNAL = {SIAM Journal on Numerical Analysis},
    VOLUME = {51},
      YEAR = {2013},
    NUMBER = {5},
     PAGES = {2660--2679},
      ISSN = {0036-1429},
   MRCLASS = {65R20 (31B10 65N38 65N80)},
  MRNUMBER = {3106484},
MRREVIEWER = {Michael J. Carley},
       DOI = {10.1137/120902859},
       URL = {https://doi.org/10.1137/120902859},
}

@article{wala2019arxiv,
   title={Optimization of fast algorithms for global quadrature by expansion using target-specific expansions},
   ISSN={0021-9991},
   url={http://dx.doi.org/10.1016/j.jcp.2019.108976},
   DOI={10.1016/j.jcp.2019.108976},
   journal={Journal of Computational Physics},
   publisher={Elsevier BV},
   author={Wala, Matt and Klöckner, Andreas},
   year={2019},
   month={Oct},
   pages={108976}
}

