%% This BibTeX bibliography file was created using BibDesk.
%% http://bibdesk.sourceforge.net/


%% Created for Rolf Josef Ryham at 2019-11-15 00:25:09 -0500 


%% Saved with string encoding Unicode (UTF-8) 
@article{DoyeuxGuyotChabannesEtAl2013_JCAM,
author={V. Doyeux and Y. Guyot and V. Chabannes and C. Prud'homme and M. Ismail},
title={Simulation of two-fluid flows using a finite element/level set method. Application to bubbles and vesicle dynamics},
journal={J. Comput. Appl. Math.},
volume={246},
pages={251-259},
year={2013},
doi={10.1016/j.cam.2012.05.004},
}


@article{BibenKassnerMisbah2005_PRE,
author={T. Biben and K. Kassner and C. Misbah},
title={Phase-field approach to three-dimensional vesicle dynamics},
journal={Phys. Rev. E},
volume={72},
pages={041921},
year={2005},
doi={10.1103/PhysRevE.72.041921},
}

@article{DuLiuWang2004_JCP,
author={Q. Du and C. Liu and X. Wang},
title={A phase field approach in the numerical study of the elastic bending energy for vesicle membranes},
journal={J. Comput. Phys.},
volume={198},
pages={450},
year={2004},
doi={10.1016/j.jcp.2004.01.029},
}

@article{KimLai2010_JCP,
author={Y. Kim and M.-C. Lai},
title={Simulating the dynamics of inextensible vesicles by the penalty immersed boundary method},
journal={J. Comput. Phys.},
volume={292},
pages={4840-4853},
year={2010},
doi={10.1016/j.jcp.2010.03.020},
}

@article{KimLai2012_PRE,
author={Y. Kim and M.-C. Lai},
title={Numerical study of viscosity and inertial effects on tank-treading and tumbling motions of vesicles under shear flow},
journal={Phys. Rev. E},
volume={86},
pages={066321},
year={2012},
doi={10.1103/PhysRevE.86.066321},
}

@article{HuLaiSeolEtAl2016_JCP,
author={W.-F. Hu and M.-C. Lai and Y. Seol and Y.-N. Young},
title={Vesicle electrohydrodynamic simulations by coupling immersed boundary and immersed interface method},
journal={J. Comput. Phys.},
volume={317},
pages={66-81},
year={2016},
doi={10.1016/j.jcp.2016.04.035},
}

@Article{DiCarlo2019,
author="DiCarlo, Antonio",
title="Continuum Mechanics as a Computable Coarse-Grained Picture of Molecular Dynamics",
journal="Journal of Elasticity",
year="2019",
month="Apr",
day="01",
volume="135",
number="1",
pages="183--235",
abstract="In this paper, I determine the minimum amount of information that continuum mechanics needs to obtain from Newtonian molecular dynamics, in order to avail itself of stress-strain responses uniformly valid for a vast range of macroscopic regimes, being quantitatively determined by microscopic physical properties. Described from the opposite, bottom-up point of view, the procedure I put forward uses the basic kinematic and dynamical machinery of continuum mechanics to upscale molecular dynamics to the macroscopic level in a practicable and efficient way.",
issn="1573-2681",
doi="10.1007/s10659-019-09734-y",
url="https://doi.org/10.1007/s10659-019-09734-y"
}


@article{DoyeuxGuyotChabannesEtAl2013_JCAM,
author={V. Doyeux and Y. Guyot and V. Chabannes and C. Prud'homme and M. Ismail},
title={Simulation of two-fluid flows using a finite element/level set method. Application to bubbles and vesicle dynamics},
journal={J. Comput. Appl. Math.},
volume={246},
pages={251-259},
year={2013},
doi={10.1016/j.cam.2012.05.004},
}


@article{BibenKassnerMisbah2005_PRE,
author={T. Biben and K. Kassner and C. Misbah},
title={Phase-field approach to three-dimensional vesicle dynamics},
journal={Phys. Rev. E},
volume={72},
pages={041921},
year={2005},
doi={10.1103/PhysRevE.72.041921},
}

@article{DuLiuWang2004_JCP,
author={Q. Du and C. Liu and X. Wang},
title={A phase field approach in the numerical study of the elastic bending energy for vesicle membranes},
journal={J. Comput. Phys.},
volume={198},
pages={450},
year={2004},
doi={10.1016/j.jcp.2004.01.029},
}


@article{HouLowengrubShelley1994_JCP,
author={T. Y. Hou and J. S. Lowengrub and M. J. Shelley},
title={Removing the stiffness from interfacial flows with surface tension},
journal={J. Comp. Phys.},
volume={114},
pages={312-338},
year={1994},
doi={10.1006/jcph.1994.1170},
}

@article{Fu2019_preprint,
author={S.-P. Fu and R. Ryham and S. Jiang and Y.-N. Young},
title={Collective Hydrodynamics of Amphiphilic Particles Under External Flow},
journal={},
volume={in preparation},
pages={},
year={2019},
doi={},
}

@article{Nganguia2013_PoF,
author={H. Nganguia and Y.-N. Young and P. M. Vlahovska J. Blawzdziewcz J. Zhang and H. Lin},
title={Equilibrium electro-deformation of a surfactant-laden viscous drop},
journal={Phys. Fluids},
volume={25},
pages={092106},
year={2013},
doi={10.1063/1.4821205},
}

@article{Nganguia2013_PRE,
author={H. Nganguia and Y.-N. Young},
title={Equilibrium electrodeformation of a spheroidal vesicle in an ac electric field},
journal={Phys. Rev. E},
volume={88},
pages={052718},
year={2013},
doi={10.1103/PhysRevE.88.052718},
}

@article{Young2014_JFM,
author={Y.-N. Young and S. Veerapaneni and M. J. Miksis},
title={Longwave dynamics of an inextensible planar membrane in an electric field},
journal={J. Fluid Mech.},
volume={751},
pages={406-431},
year={2014},
doi={10.1017/jfm.2014.281},
}

@article{Young2015_PoF,
author={Y.-N. Young and M. J. Miksis},
title={Electrohydrodynamic instability of a capacitive elastic membrane},
journal={Phys. Fluids},
volume={27},
pages={022102},
year={2015},
doi={10.1063/1.4907936},
}

@article{Nganguia2015_CiCP,
author={H Nganguia and Y-N Young and A.T. Layton and W-F Hu and M-C Lai},
title={An immersed interface method for axisymmetric electrohydrodynamic simulations in Stokes flow},
journal={Communications in Computational Physics},
volume={18},
pages={429-449},
year={2015},
doi={10.4208/ cicp.171014.270315a},
}

@article{Pak2015_PNAS,
author={O. S. Pak and Y.-N. Young and G. R. Marple and S. Veerapaneni and H. A. Stone},
title={Gating of a mechanosensitive channel due to cellular flows},
journal={Proc. Nat. Acad. Sc.},
volume={112},
pages={9822-9827},
year={2015},
doi={10.1073/pnas.1512152112},
}

@article{Fu2015_PRE,
author={S.-P. Fu and Y.-N. Young and S. Jiang},
title={Efficient Brownian dynamics simulation of DNA molecules with hydrodynamic
interactions in linear flows},
journal={Phys. Rev. E},
volume={91},
pages={063008},
year={2015},
doi={10.1103/PhysRevE.91.063008},
}

@article{MerkelSackmannEvans1989,
	Author = {R. Merkel and E. Sackmann and E. Evans},
	Doi = {10.1051/jphys:0198900500120153500},
	Journal = {J. Phys. France},
	Pages = {1535-1555},
	Title = {Molecular friction and epitactic coupling between monolayers in supported bilayers},
	Volume = {50},
	Year = {1989},
	Bdsk-Url-1 = {https://doi.org/10.1051/jphys:0198900500120153500}}

@article{StoneAjdari1998_JFM,
	Author = {H. A. Stone and A. Ajdari},
	Doi = {10.1017/S0022112098001980},
	Journal = {J. Fluid Mech.},
	Pages = {151-173},
	Title = {Hydrodynamics of particles embedded in a flatsurfactant layer overlying a subphase of nite depth},
	Volume = {369},
	Year = {1998},
	Bdsk-Url-1 = {https://doi.org/10.1017/S0022112098001980}}

@article{OppenheimerDiamant2009_BJ,
	Author = {N. Oppenheimer and H. Diamant},
	Doi = {doi: 10.1016/j.bpj.2009.01.020},
	Journal = {Biophys. J.},
	Pages = {3041-3049},
	Title = {Correlated diffusion of membrane proteins and their effect on membrane viscosity},
	Volume = {96},
	Year = {2009},
	Bdsk-Url-1 = {https://doi.org/10.1016/j.bpj.2009.01.020}}

@article{OppenheimerDiamant2011_PRL,
	Author = {N. Oppenheimer and H. Diamant},
	Doi = {10.1103/PhysRevLett.107.258102},
	Journal = {Phys. Rev. Lett.},
	Pages = {258102},
	Title = {In-Plane Dynamics of Membranes with Immobile Inclusions},
	Volume = {107},
	Year = {2011},
	Bdsk-Url-1 = {https://doi.org/10.1103/PhysRevLett.107.258102}}

@article{Bao17,
	Author = {Y. Bao and A. Donev and B. E. Griffith and D. M. McQueen and C. S. Peskin},
	Doi = {10.1016/j.jcp.2017.06.041},
	Journal = {J. Comp. Phys.},
	Pages = {183-206},
	Title = {An Immersed Boundary method with divergence-free velocity interpolation and force spreading},
	Volume = {347},
	Year = {2017},
	Bdsk-Url-1 = {https://doi.org/10.1016/j.jcp.2017.06.041}}

@article{Bao18,
	Author = {Y. Bao and M. Rachh and E. E. Keaveny and L. Greengard and A. Donev},
	Doi = {10.1016/j.jcp.2018.08.021},
	Journal = {J. Comp. Phys.},
	Pages = {1094-1119},
	Title = {A fluctuating boundary integral method for Brownian suspensions},
	Volume = {374},
	Year = {2018},
	Bdsk-Url-1 = {https://doi.org/10.1016/j.jcp.2018.08.021}}

@article{Yan2019,
	Author = {W. Yan and E. Corona and D. Malhotra and S. Veerapaneni and M. Shelley},
	Journal = {arXiv:1909.06623},
	Title = {A scalable computational platform for particulate Stokes suspensions},
	Year = {2019}}

@article{KoNa15,
	Author = {Kopelevich,Dmitry I. and Nagle,John F.},
	Doi = {10.1063/1.4932971},
	Journal = {The Journal of Chemical Physics},
	Number = {15},
	Pages = {154702},
	Title = {Correlation between length and tilt of lipid tails},
	Volume = {143},
	Year = {2015},
	Bdsk-Url-1 = {https://doi.org/10.1063/1.4932971}}

@article{Naetal15,
	Author = {John F. Nagle and Michael S. Jablin and Stephanie Tristram-Nagle and Kiyotaka Akabori},
	Doi = {10.1016/j.chemphyslip.2014.04.003},
	Issn = {0009-3084},
	Journal = {Chemistry and Physics of Lipids},
	Keywords = {Membrane mechanics, Bending modulus, Area compressibility modulus, Tilt modulus, Lipid bilayers, DOPC},
	Note = {Membrane mechanochemistry: From the molecular to the cellular scale},
	Pages = {3 - 10},
	Title = {What are the true values of the bending modulus of simple lipid bilayers?},
	Volume = {185},
	Year = {2015},
	Bdsk-Url-1 = {https://doi.org/10.1016/j.chemphyslip.2014.04.003}}

@article{VeBrPa15,
	Author = {Richard M. Venable and Frank L.H. Brown and Richard W. Pastor},
	Doi = {10.1016/j.chemphyslip.2015.07.014},
	Issn = {0009-3084},
	Journal = {Chemistry and Physics of Lipids},
	Keywords = {Area per lipid, Bending modulus, Area compressibility modulus, Spontaneous curvature, Gaussian curvature modulus, CHARMM 36 force field},
	Note = {ORNL workshop on Biomembranes},
	Pages = {60 - 74},
	Title = {Mechanical properties of lipid bilayers from molecular dynamics simulation},
	Volume = {192},
	Year = {2015},
	Bdsk-Url-1 = {https://doi.org/10.1016/j.chemphyslip.2015.07.014}}

@inbook{FriedSeguin15,
	Author = {B. Seguin and E. Fried},
	Booktitle = {Differential Geometry and Continuum Mechanics},
	Pages = {647---665},
	Publisher = {Springer Proceedings in Mathematics \& Statistics},
	Title = {Microphysical derivation of the {C}anham--{H}elfrich free-energy density},
	Volume = {137},
	Year = {2015}}

@inbook{TeDe18,
	Address = {Cham},
	Author = {Terzi, M. Mert and Deserno, Markus},
	Booktitle = {The Role of Mechanics in the Study of Lipid Bilayers},
	Doi = {10.1007/978-3-319-56348-0_3},
	Isbn = {978-3-319-56348-0},
	Pages = {105--166},
	Publisher = {Springer International Publishing},
	Title = {Lipid Membranes: From Self-assembly to Elasticity},
	Year = {2018},
	Bdsk-Url-1 = {https://doi.org/10.1007/978-3-319-56348-0_3}}

@article{Reetal12,
	Author = {Ren, Bin and Ruditskiy, Aleksey and Song, Jung Hun (Kevin) and Kretzschmar, Ilona},
	Doi = {10.1021/la203969f},
	Journal = {Langmuir},
	Note = {PMID: 22149478},
	Number = {2},
	Pages = {1149-1156},
	Title = {Assembly Behavior of Iron Oxide-Capped Janus Particles in a Magnetic Field},
	Volume = {28},
	Year = {2012},
	Bdsk-Url-1 = {https://doi.org/10.1021/la203969f}}

@article{MeMeFe17,
	Author = {Menshikov, L. I. and Menshikov, P. L. and Fedichev, P. O.},
	Day = {01},
	Doi = {10.1134/S1063776117120056},
	Issn = {1090-6509},
	Journal = {Journal of Experimental and Theoretical Physics},
	Month = {Dec},
	Number = {6},
	Pages = {1173--1188},
	Title = {Phenomenological Model of Hydrophobic and Hydrophilic Interactions},
	Volume = {125},
	Year = {2017},
	Bdsk-Url-1 = {https://doi.org/10.1134/S1063776117120056}}

@article{SoDi18,
	Author = {Sokolov,Yulia and Diamant,Haim},
	Doi = {10.1063/1.5037061},
	Journal = {The Journal of Chemical Physics},
	Number = {3},
	Pages = {034901},
	Title = {Many-particle mobility and diffusion tensors for objects in viscous sheets},
	Volume = {149},
	Year = {2018},
	Bdsk-Url-1 = {https://doi.org/10.1063/1.5037061}}

@article{BrBo88,
	Author = {Brady, J F and Bossis, G},
	Doi = {10.1146/annurev.fl.20.010188.000551},
	Journal = {Annual Review of Fluid Mechanics},
	Number = {1},
	Pages = {111-157},
	Title = {Stokesian Dynamics},
	Volume = {20},
	Year = {1988},
	Bdsk-Url-1 = {https://doi.org/10.1146/annurev.fl.20.010188.000551}}

@article{BaWa15,
	Author = {Bandle, Catherine and Wagner, Alfred},
	Day = {01},
	Doi = {10.1007/s10957-015-0801-1},
	Issn = {1573-2878},
	Journal = {Journal of Optimization Theory and Applications},
	Month = {Nov},
	Number = {2},
	Pages = {430--463},
	Title = {Second Domain Variation for Problems with Robin Boundary Conditions},
	Volume = {167},
	Year = {2015},
	Bdsk-Url-1 = {https://doi.org/10.1007/s10957-015-0801-1}}

@article{Sh04,
	Author = {T. Shibata},
	Issn = {00029947},
	Journal = {Transactions of the American Mathematical Society},
	Number = {5},
	Pages = {2123--2135},
	Publisher = {American Mathematical Society},
	Title = {The Steepest Point of the Boundary Layers of Singularly Perturbed Semilinear Elliptic Problems},
	Url = {http://www.jstor.org/stable/3845081},
	Volume = {356},
	Year = {2004},
	Bdsk-Url-1 = {http://www.jstor.org/stable/3845081}}

@article{MeRoIs06,
	Author = {Meyer, Emily E. and Rosenberg, Kenneth J. and Israelachvili, Jacob},
	Doi = {10.1073/pnas.0606422103},
	Issn = {0027-8424},
	Journal = {Proceedings of the National Academy of Sciences},
	Number = {43},
	Pages = {15739--15746},
	Publisher = {National Academy of Sciences},
	Title = {Recent progress in understanding hydrophobic interactions},
	Volume = {103},
	Year = {2006},
	Bdsk-Url-1 = {https://doi.org/10.1073/pnas.0606422103}}

@article{Lietal05,
	Author = {Lin, Qi and Meyer, Emily E. and Tadmor, Maria and Israelachvili, Jacob N. and Kuhl, Tonya L.},
	Doi = {10.1021/la048317q},
	Journal = {Langmuir},
	Note = {PMID: 15620310},
	Number = {1},
	Pages = {251-255},
	Title = {Measurement of the Long- and Short-Range Hydrophobic Attraction between Surfactant-Coated Surfaces},
	Volume = {21},
	Year = {2005},
	Bdsk-Url-1 = {https://doi.org/10.1021/la048317q}}

@article{DuMa16,
	Author = {William A. Ducker and Dean Mastropietro},
	Doi = {10.1016/j.cocis.2016.02.006},
	Issn = {1359-0294},
	Journal = {Current Opinion in Colloid \& Interface Science},
	Keywords = {Please note that this is a submission for the special issue on ``Weak Self-Assembly''},
	Pages = {51 - 58},
	Title = {Forces between extended hydrophobic solids: Is there a long-range hydrophobic force?},
	Volume = {22},
	Year = {2016},
	Bdsk-Url-1 = {https://doi.org/10.1016/j.cocis.2016.02.006}}

@article{ErLjCl89,
	Author = {Eriksson, Jan Christer and Ljunggren, Stig and Claesson, Per M.},
	Doi = {10.1039/F29898500163},
	Issue = {3},
	Journal = {J. Chem. Soc.{,} Faraday Trans. 2},
	Pages = {163-176},
	Publisher = {The Royal Society of Chemistry},
	Title = {A phenomenological theory of long-range hydrophobic attraction forces based on a square-gradient variational approach},
	Volume = {85},
	Year = {1989},
	Bdsk-Url-1 = {https://doi.org/10.1039/F29898500163}}

@article{FrRoPi17,
	Author = {Fran{\c c}ois-Martin, Claire and Rothman, James E. and Pincet, Frederic},
	Doi = {10.1073/pnas.1621309114},
	Issn = {0027-8424},
	Journal = {Proceedings of the National Academy of Sciences},
	Publisher = {National Academy of Sciences},
	Title = {Low energy cost for optimal speed and control of membrane fusion},
	Year = {2017},
	Bdsk-Url-1 = {https://doi.org/10.1073/pnas.1621309114}}

@article{Huetal08,
	Author = {Hu, Junjie and Shibata, Yoko and Voss, Christiane and Shemesh, Tom and Li, Zongli and Coughlin, Margaret and Kozlov, Michael M. and Rapoport, Tom A. and Prinz, William A.},
	Doi = {10.1126/science.1153634},
	Issn = {0036-8075},
	Journal = {Science},
	Number = {5867},
	Pages = {1247--1250},
	Publisher = {American Association for the Advancement of Science},
	Title = {Membrane Proteins of the Endoplasmic Reticulum Induce High-Curvature Tubules},
	Volume = {319},
	Year = {2008},
	Bdsk-Url-1 = {https://doi.org/10.1126/science.1153634}}

@article{Rietal18,
	Author = {Rideau, Emeline and Dimova, Rumiana and Schwille, Petra and Wurm, Frederik R. and Landfester, Katharina},
	Doi = {10.1039/C8CS00162F},
	Journal = {Chem. Soc. Rev.},
	Pages = {-},
	Publisher = {The Royal Society of Chemistry},
	Title = {Liposomes and polymersomes: a comparative review towards cell mimicking},
	Year = {2018},
	Bdsk-Url-1 = {https://doi.org/10.1039/C8CS00162F}}

@article{KaVa18,
	Author = {Ivo Kabelka and Robert V\'acha},
	Doi = {https://doi.org/10.1016/j.bpj.2018.08.012},
	Issn = {0006-3495},
	Journal = {Biophysical Journal},
	Number = {6},
	Pages = {1045 - 1054},
	Title = {Optimal Hydrophobicity and Reorientation of Amphiphilic Peptides Translocating through Membrane},
	Volume = {115},
	Year = {2018},
	Bdsk-Url-1 = {https://doi.org/10.1016/j.bpj.2018.08.012}}

@article{JuVa17,
	Author = {Jur\'asek, Miroslav and V\'acha, Robert},
	Doi = {10.1039/C7SM01384A},
	Issue = {41},
	Journal = {Soft Matter},
	Pages = {7492-7497},
	Publisher = {The Royal Society of Chemistry},
	Title = {Self-assembled clusters of patchy rod-like molecules},
	Volume = {13},
	Year = {2017},
	Bdsk-Url-1 = {https://doi.org/10.1039/C7SM01384A}}

@article{BouRabee14,
	Author = {N. Bou-Rabee},
	Journal = {Entropy},
	Pages = {138-162},
	Title = {Time Integrators for Molecular Dynamics},
	Volume = {16},
	Year = {2014}}

@article{BouRabee14v2,
	Author = {N. Bou-Rabee and A. Donev and E. Vanden-Eijnden},
	Journal = {Multiscale Model. Simul.},
	Number = {2},
	Pages = {781-831},
	Title = {Metropolis integration schemes for self-adjoint diffusions},
	Volume = {12},
	Year = {2014}}

@article{fmm,
	Author = {L. Greengard and V. Rokhlin},
	Fjournal = {Journal of Computational Physics},
	Journal = {J. Comput. Phys.},
	Number = {2},
	Pages = {325-348},
	Title = {A fast algorithm for particle simulations},
	Volume = {73},
	Year = {1987}}

@article{noguchi06,
	Author = {H. Noguchi and G. Gompper},
	Journal = {Phys. Rev. E},
	Pages = {021903},
	Title = {Meshless membrane model based on the moving least-squares method},
	Volume = {73},
	Year = {2006}}

@article{noguchi01,
	Author = {H. Noguchi and M. Takasu},
	Journal = {Phys. Rev. E},
	Pages = {041913},
	Title = {Self-assembly of amphiphiles into vesicles: A Brownian dynamics simulation},
	Volume = {64},
	Year = {2001}}

@article{noguchi02,
	Author = {H. Noguchi and M. Takasu},
	Journal = {Biophys. J.},
	Pages = {299-308},
	Title = {Adhesion of Nanoparticles to Vesicles: A Brownian Dynamics Simulation},
	Volume = {83},
	Year = {2002}}

@article{noguchi09,
	Author = {H. Noguchi},
	Journal = {J. Phys. Soc. Jpn.},
	Number = {4},
	Pages = {041007},
	Title = {Membrane Simulation Models from Nanometer to Micrometer Scale},
	Volume = {48},
	Year = {2009}}

@article{Rubin,
	Author = {K. J. Rubin and G. Pruessner and G. A. Pavliotis},
	Journal = {J. Phys. A: Math. Theor.},
	Pages = {195001},
	Title = {Mapping Multiplicative to Additive Noise},
	Volume = {47},
	Year = {2014}}

@article{Lim02,
	Author = {G. {Lim H. W.} and M. Wortis and R. Mukhopadhyay},
	Journal = {PNAS},
	Number = {26},
	Pages = {16766-16769},
	Title = {Stomatocyte-discocyte-echinocyte sequence of the human red blood cell: Evidence for the bilayer-couple hypothesis from membrane mechanics},
	Volume = {99},
	Year = {2002}}

@article{RoLi15,
	Author = {Rozycki,Bartosz and Lipowsky,Reinhard},
	Doi = {10.1063/1.4906149},
	Journal = {The Journal of Chemical Physics},
	Number = {5},
	Pages = {054101},
	Title = {Spontaneous curvature of bilayer membranes from molecular simulations: Asymmetric lipid densities and asymmetric adsorption},
	Volume = {142},
	Year = {2015},
	Bdsk-Url-1 = {https://doi.org/10.1063/1.4906149}}

@article{GERA201756,
	Author = {P. Gera and D. Salac},
	Doi = {https://doi.org/10.1016/j.aml.2017.02.021},
	Issn = {0893-9659},
	Journal = {Applied Mathematics Letters},
	Pages = {56 - 61},
	Title = {{C}ahn--{H}illiard on surfaces: A numerical study},
	Volume = {73},
	Year = {2017},
	Bdsk-Url-1 = {https://doi.org/10.1016/j.aml.2017.02.021}}

@article{MikuckiZhou17,
	Author = {Mikucki, M. and Zhou, Y.},
	Doi = {10.1137/16M1076551},
	Journal = {SIAM Journal on Applied Mathematics},
	Number = {5},
	Pages = {1587-1605},
	Title = {Curvature-Driven Molecular Flow on Membrane Surface},
	Volume = {77},
	Year = {2017},
	Bdsk-Url-1 = {https://doi.org/10.1137/16M1076551}}

@inbook{Kozlov2007,
	Address = {Totowa, NJ},
	Author = {Kozlov, Michael M.},
	Booktitle = {Methods in Membrane Lipids},
	Pages = {355--366},
	Publisher = {Humana Press},
	Title = {Determination of Lipid Spontaneous Curvature From X-Ray Examinations of Inverted Hexagonal Phases},
	Year = {2007}}

@article{Yuan10,
	Author = {H. Yuan and C. Huang and S. Zhang},
	Journal = {Soft Matter},
	Pages = {4571-4579},
	Title = {Dynamic shape transformations of fluid vesicles},
	Volume = {6},
	Year = {2010}}

@article{Yuan10PRE,
	Author = {H. Yuan and C. Huang and J. Li and G. Lykotrafitis and S. Zhang},
	Journal = {Phys. Rev. E},
	Pages = {011905},
	Title = {One-particle-thick, solvent-free, coarse-grained model for biological and biomimetic fluid membranes},
	Volume = {82},
	Year = {2010}}

@article{Seifert97,
	Author = {U. Seifert},
	Journal = {Advances in Physics},
	Number = {1},
	Pages = {13-137},
	Title = {Configurations of fluid membranes and vesicles},
	Volume = {46},
	Year = {1997}}

@article{Seifert91,
	Author = {U. Seifert and K. Berndl and R. Lipowsky},
	Journal = {Phys. Rev. A},
	Number = {2},
	Pages = {1182-1202},
	Title = {Shape transition of vesicles: Phase diagram for spontaneous-curvature and bilayer-coupling models},
	Volume = {44},
	Year = {1991}}

@article{Peng14,
	Author = {Z. Peng and A. Mashayekh and Q. Zhu},
	Journal = {J. Fluid Mech.},
	Pages = {96-118},
	Title = {Erythrocyte responses in low-shear-rate flows: effects of non-biconcave stress-free state in the cytoskeleton},
	Volume = {742},
	Year = {2014}}

@article{Helfrich73,
	Author = {W. Helfrich},
	Journal = {Z. Naturforsch. C},
	Number = {11},
	Pages = {693-703},
	Title = {Elastic properties of lipid bilayers: theory and possible experiments},
	Volume = {28},
	Year = {1973}}

@article{Drouffe,
	Author = {J.-M. Drouffe and A. C. Maggs and S. Leibler},
	Journal = {Science},
	Pages = {1353},
	Title = {Computer simulations of self-assembled membranes},
	Volume = {254},
	Year = {1991}}

@article{Atzberger,
	Author = {Y. Wang and J. K. Sigurdsson and E. Brandt and P. Atzberger},
	Journal = {Phys. Rev. E},
	Pages = {023301},
	Title = {Dynamic implicit-solvent coarse-grained models of lipid bilayer membranes: Fluctuating hydrodynamics thermostat},
	Volume = {88},
	Year = {2013}}

@article{Pivkin08,
	Author = {I. V. Pivkin and G. E. Karniadakis},
	Journal = {Phys. Rev. Lett.},
	Pages = {118105},
	Title = {Accurate Coarse-Grained Modeling of Red Blood Cells},
	Volume = {101},
	Year = {2008}}

@article{Peng13,
	Author = {Z. Peng and X. Li and I. V. Pivkin and M. Dao and G. E. Karniadakis and S. Suresh},
	Journal = {PNAS},
	Number = {33},
	Pages = {13356-13361},
	Title = {Lipid bilayer and cytoskeletal interactions in a red blood cell},
	Volume = {110},
	Year = {2013}}

@article{Parks08,
	Author = {M. L. Parks and R. B. Lehoucq and S. J. Plimpton and S. A. Silling},
	Journal = {Comput. Phys. Commun.},
	Pages = {777-783},
	Title = {Implementing peridynamics within a molecular dynamics code},
	Volume = {179},
	Year = {2008}}

@article{Li12,
	Author = {H. Li and G. Lykotrafitis},
	Journal = {Biophys. J.},
	Pages = {75-84},
	Title = {Two-Component Coarse-Grained Molecular-Dynamics Model for the Human Erythrocyte Membrane},
	Volume = {102},
	Year = {2012}}

@book{Boal,
	Address = {Cambridge, United Kingdom},
	Author = {D. Boal},
	Publisher = {Cambridge University Press},
	Title = {Mechanics of the Cell Second Edition},
	Year = {2012}}

@article{Greengard,
	Author = {L. Greengard and J. Lee},
	Journal = {SIAM Review},
	Number = {3},
	Pages = {443-454},
	Title = {Accelerating the Nonuniform Fast Fourier Transform},
	Volume = {46},
	Year = {2004}}

@article{Gimbutas15,
	Author = {Z. Gimbutas and L. Greengard and S. Veerapaneni},
	Journal = {J. Fluid Mech.},
	Title = {Simple and efficient representations for the fundamental solutions of Stokes flow in a half-space},
	Volume = {776},
	Year = {2015}}

@article{Nguyen,
	Author = {N. Nguyen and Q. H. Liu},
	Journal = {SIAM J. Sci. Comput.},
	Number = {1},
	Pages = {283-293},
	Title = {The Regular Fourier Matrices and Nonuniform Fast Fourier Transforms},
	Volume = {21},
	Year = {1999}}

@article{Cooke,
	Author = {I. R. Cooke and K. Kremer and M. Deserno},
	Journal = {Phys. Rev. E},
	Pages = {011506},
	Title = {Tunable generic model for fluid bilayer membranes},
	Volume = {72},
	Year = {2005}}

@article{Hu,
	Author = {W.-F. Hu and Y. Kim and M.-C. Lai},
	Journal = {J. Comput. Phys.},
	Pages = {670-686},
	Title = {An immersed boundary method for simulating the dynamics of three-dimensional axisymmetric vesicles in Navier--Stokes flows},
	Volume = {257},
	Year = {2014}}

@book{DoiEdwards,
	Address = {New York},
	Author = {M. Doi and S. F. Edwards},
	Publisher = {Oxford Science Publications},
	Title = {The Theory of Polymer Dynamics},
	Year = {1986}}

@article{Chu00,
	Author = {H. P. Babcock and D. E. Smith and J.S. Hur and E. S. G. Shaqfeh and S. Chu},
	Journal = {Phys. Rev. Lett.},
	Pages = {2018-2021},
	Title = {Relating the Microscopic and Macroscopic Response of a Polymeric Fluid in a Shearing Flow},
	Volume = {85(9)},
	Year = {2000}}

@article{BouRabee09,
	Author = {N. Bou-Rabee and H. Owhadi},
	Journal = {IMA J. Numer. Anal.},
	Pages = {421-443},
	Title = {Stochastic variational integrators},
	Volume = {2},
	Year = {2009}}

@article{BouRabee10,
	Author = {N. Bou-Rabee and H. Owhadi},
	Journal = {SIAM J. Numer. Anal.},
	Pages = {278-297},
	Title = {Long-run accuracy of variational integrators in the stochastic context},
	Volume = {48},
	Year = {2010}}

@article{cheng,
	Author = {H. Cheng and L. Greengard and V. Rokhlin},
	Fjournal = {Journal of Computational Physics},
	Journal = {J. Comput. Phys.},
	Pages = {468--498},
	Title = {A fast adaptive multipole algorithm in three dimensions},
	Volume = {155},
	Year = {1999}}

@article{kenho1,
	Author = {K. L. Ho and L. Ying},
	Journal = {arXiv:1307.2666},
	Title = {Hierarchical interpolative factorization for elliptic operators: integral equations},
	Year = {2013}}

@article{kenho2,
	Author = {K. L. Ho and L. Ying},
	Journal = {arXiv:1307.2895},
	Title = {Hierarchical interpolative factorization for elliptic operators: differential equations},
	Year = {2013}}

@article{siba,
	Author = {S. Ambikasaran and D. Foreman-Mackey and L. Greengard and D. W. Hogg and M. O'Neil},
	Journal = {Preprint},
	Title = {Fast Direct Methods for Gaussian Processes and the Analysis of NASA Kepler Mission Data},
	Year = {2014}}

@article{Ermak78,
	Author = {D. L. Ermak and J. A. McCammon},
	Journal = {J. Chem. Phys.},
	Pages = {1352-1360},
	Title = {Brownian dynamics with hydrodynamic interactions},
	Volume = {69},
	Year = {1978}}

@article{Fixman86,
	Author = {M. Fixman},
	Journal = {Macromolecules},
	Pages = {1204-1207},
	Title = {Construction of Langevin forces in the simulation of hydrodynamic interaction},
	Volume = {19},
	Year = {1986}}

@article{Hastings70,
	Author = {W. K. Hastings},
	Journal = {Biometrika},
	Pages = {97-109},
	Title = {Monte Carlo sampling methods using Markov chains and their applications},
	Volume = {57(1)},
	Year = {1970}}

@article{Larson03,
	Author = {C.-C. Hsieh and L. Li. and R. G. Larson},
	Journal = {J. Non-Newton Fluid},
	Pages = {147-191},
	Title = {Modeling hydrodynamic interaction in Brownian dynamics: simulations of extensional flows of dilute solutions of DNA and polystyrene},
	Volume = {113},
	Year = {2003}}

@article{Graham02,
	Author = {R. M. Jendrejack and J. J. de Pablo and M. D. Graham},
	Journal = {J. Chem. Phys.},
	Pages = {7752-7759},
	Title = {Stochastic simulations of DNA in flow: Dynamics and the effects of hydrodynamic interactions},
	Volume = {116},
	Year = {2002}}

@article{Graham00,
	Author = {R. M. Jendrejack and M. D. Graham and J. J. de Pablo},
	Journal = {J. Chem. Phys.},
	Pages = {2894-2900},
	Title = {Hydrodynamic interactions in long chain polymers: Application of the Chebyshev polynomial approximation in stochastic simulations},
	Volume = {113},
	Year = {2000}}

@article{Jiang13_MC,
	Author = {S. Jiang and Z. Liang and J. Huang},
	Journal = {Math Comput.},
	Pages = {1631-1645},
	Title = {A fast algorithm for Brownian dynamics simulation with hydrodynamic interactions},
	Volume = {82},
	Year = {2013}}

@article{Larson99,
	Author = {R. G. Larson and H. Hua and D. E. Smith and S. Chu},
	Journal = {J. Rheol.},
	Pages = {267-304},
	Title = {Brownian dynamics simulations of a DNA molecule in an extensional flow field},
	Volume = {46},
	Year = {1999}}

@article{Jiang13_JCP,
	Author = {Z. Liang and Z. Gimbutas and L. Greengard and J. Huang and S. Jiang},
	Journal = {J. Comput. Phys.},
	Pages = {133-139},
	Title = {A fast multipole method for the Rotne-Prager-Yamakawa tensor and its applications},
	Volume = {234},
	Year = {2013}}

@article{Marko95,
	Author = {J. F. Marko and E. D. Siggia},
	Journal = {Macromolecules},
	Pages = {8759-8770},
	Title = {Stretching DNA},
	Volume = {28},
	Year = {1995}}

@article{Chu97,
	Author = {T. T. Perkins and D. E. Smith and S. Chu},
	Journal = {Science},
	Pages = {2016-2021},
	Title = {Single Polymer Dynamics in an Elongational Flow},
	Volume = {276},
	Year = {1997}}

@article{Prakash02,
	Author = {J. R. Prakash},
	Journal = {J. Rheol.},
	Pages = {1353-1380},
	Title = {Rouse chains with excluded volume interactions in steady simple shear flow},
	Volume = {46},
	Year = {2002}}

@article{RP69,
	Author = {J. Rotne and S. Prager},
	Journal = {J. Chem. Phys.},
	Pages = {4831-4837},
	Title = {Variational treatment of hydrodynamic interaction in polymers},
	Volume = {50},
	Year = {1969}}

@article{Schroeder03,
	Author = {C. M. Schroeder and H. P. Babcock and E. S. G. Shaqfeh and S. Chu},
	Journal = {Science},
	Pages = {1515-1519},
	Title = {Observation of Polymer Conformation Hysteresis in Extensional Flow},
	Volume = {301},
	Year = {2003}}

@article{Schroeder04,
	Author = {C. M. Schroeder and E. S. G. Shaqfeh and S. Chu},
	Journal = {Macromolecules},
	Pages = {9242-9256},
	Title = {Effect of Hydrodynamic Interactions on DNA Dynamics in Extensional Flow: Simulation and Single Molecule Experiment},
	Volume = {37},
	Year = {2004}}

@article{Chu99,
	Author = {D. E. Smith and H. P. Babcock and S. Chu},
	Journal = {Science},
	Pages = {1724-1727},
	Title = {Single-Polymer Dynamics in Steady Shear Flow},
	Volume = {283},
	Year = {1999}}

@article{Chu98,
	Author = {D. E. Smith and S. Chu},
	Journal = {Science},
	Pages = {1335-1340},
	Title = {Response of flexible polymers to a sudden elongational flow},
	Volume = {281},
	Year = {1998}}

@article{Shaqfeh02,
	Author = {M. Somasi and B. Khomami and N. J. Woo and J. S. Hur and E. S. G. Shaqfeh},
	Journal = {J. Non-Newtonian Fluid Mech.},
	Pages = {227-255},
	Title = {Brownian dynamics simulations of bead-rod and bead-spring chains: numerical algorithms and coarse-graining issues},
	Volume = {108},
	Year = {2002}}

@article{Ying04,
	Author = {L. Ying and G. Biros and D. Zorin},
	Journal = {J. Comput. Phys.},
	Pages = {591-626},
	Title = {A kernel-independent adaptive fast multipole algorithm in two and three dimensions},
	Volume = {196},
	Year = {2004}}

@article{shelley,
	Author = {A.-K. Tornberg and M. Shelley},
	Journal = {J. Comput. Phys.},
	Pages = {8-40},
	Title = {Simulating the dynamics and interactions of flexible fibers in Stokes flows},
	Volume = {196},
	Year = {2004}}

@article{Gimbutas16,
	Author = {Z. Gimbutas and L. Greengard},
	Journal = {Adv. Comput. Math.},
	Pages = {175-198},
	Title = {A fast multipole method for the evaluation of elastostatic fields in a half-space with zero normal stress},
	Volume = {42},
	Year = {2016}}

@article{Blake71,
	Author = {J. R. Blake},
	Journal = {Proc. Camb. Phil. Soc},
	Pages = {303-310},
	Title = {A fast multipole method for the evaluation of elastostatic fields in a half-space with zero normal stress},
	Volume = {42},
	Year = {2016}}

@article{Fedosov,
	Author = {D. A. Fedosov and B. Caswell and G. E. Karniadakis},
	Journal = {Biophys. J.},
	Pages = {2084-2093},
	Title = {Wall Shear Stress-Based Model for Adhesive Dynamics of Red Blood Cells in Malaria},
	Volume = {100},
	Year = {2011}}

@article{Efremov,
	Author = {A. Efremov and J. Cao},
	Journal = {Biophys. J.},
	Pages = {1032-1040},
	Title = {Bistability of Cell Adhesion in Shear Flow},
	Volume = {101},
	Year = {2011}}

@article{Capovilla,
	Author = {R. Capovilla and J. Guven},
	Journal = {Phys. Rev. E},
	Pages = {041604},
	Title = {Geometry of lipid vesicle adhesion},
	Volume = {66},
	Year = {2001}}

@article{Blokhuis,
	Author = {E. M. Blokhuis and W. F. C. Sager},
	Journal = {J. Chem. Phys.},
	Number = {15},
	Pages = {7062-7074},
	Title = {Vesicle adhesion and microemulsion droplet dimerization: Small bending rigidity regime},
	Volume = {66},
	Year = {1999}}

@article{Woodhouse,
	Author = {F. G. Woodhouse and R. E. Goldstein},
	Journal = {J. Fluid Mech.},
	Pages = {165-175},
	Title = {Shear-driven circulation patterns in lipid membrane vesicles},
	Volume = {705},
	Year = {2012}}

@article{Vezy,
	Author = {C. V\'ezy and G. Massiera and A. Viallat},
	Journal = {Soft Matter},
	Pages = {844-851},
	Title = {Adhesion induced non-planar and asynchronous flow of a giant vesicle membrane in an external shear flow},
	Volume = {3},
	Year = {2007}}

@article{Shi,
	Author = {L. Shi and T.-W. Pan and R. Glowinski},
	Journal = {Int. J. Numer. Meth. Fluids},
	Pages = {397-415},
	Title = {Three-dimensional numerical simulation of red blood cell motion in Poiseuille flows},
	Volume = {76},
	Year = {2014}}

@article{Li_Peng,
	Author = {X. Li and Z. Peng and H. Lei and M. Dao and G. E. Karniadakis},
	Journal = {Phil. Trans. R. Soc. A},
	Title = {Probing red blood cell mechanics, rheology and dynamics with a two-component multi-scale model},
	Volume = {372},
	Year = {2014}}

@article{Pak,
	Author = {O. S. Pak and Y.-N. Young and G. R. Marple and S. Veerapaneni and H. A. Stone},
	Journal = {PNAS},
	Number = {32},
	Pages = {9822-9827},
	Title = {Gating of a mechanosensitive channel due to cellular flows},
	Volume = {112},
	Year = {2015}}

@article{Fu19,
	Author = {S.-P. Fu and R. J. Ryham and A. Kloeckner and M. Wala and S. Jiang and Y.-N. Young},
	Journal = {SIAM J. Multiscale Modeling},
	Title = {Multiscale Hydrophobic Lipid Dynamics Simulated by Efficient Integral Equation Methods},
	Volume = {accepted},
	Year = {2019}}

@article{Fu16,
	Author = {S.-P. Fu and Z. Peng and H. Yuan and R. Kfoury and Y.-N. Young},
	Doi = {10.1016/j.cpc.2016.09.018},
	Issn = {0010-4655},
	Journal = {Computer Physics Communications},
	Keywords = {Membranes, Cell dynamics, Pair-potential method},
	Pages = {193-203},
	Title = {Lennard-Jones type pair-potential method for coarse-grained lipid bilayer membrane simulations in LAMMPS},
	Volume = {210},
	Year = {2017},
	Bdsk-Url-1 = {https://doi.org/10.1016/j.cpc.2016.09.018}}

@article{Fu15,
	Author = {S.-P. Fu and Y.-N. Young and S. Jiang},
	Journal = {Phys. Rev. E},
	Pages = {063008},
	Title = {Efficient Brownian dynamics simulation of DNA molecules with hydrodynamic interactions in linear flows},
	Volume = {91},
	Year = {2015}}

@article{Lavalle,
	Author = {Ph. Lavalle and J.-F. Stoltz and B. Senger and J.-C. Voegel and P. Schaaf},
	Journal = {Proc. Natl. Acad. Sci. USA},
	Pages = {15136-15140},
	Title = {Red blood cell adhesion on a solid/liquid interface},
	Volume = {93},
	Year = {1996}}

@article{Yamakawa,
	Author = {H. Yamakawa},
	Journal = {J. Chem. Phys.},
	Pages = {436-443},
	Title = {Transport Properties of Polymer Chains in Dilute Solution: Hydrodynamic Interaction},
	Volume = {53},
	Year = {1970}}

@article{Chlanda_Nature16,
	Author = {P. Chlanda and E. Mekhedov and H. Waters and C. L. Schwartz and E. R. Fischer and R. J. Ryham and F. S. Cohen and P. S. Blank and J. Zimmerberg},
	Journal = {Nature Microbiology},
	Pages = {16050},
	Title = {The hemifusion structure induced by influenza virus haemagglutinin is determined by physical properties of the target membranes},
	Volume = {1},
	Year = {2016}}

@article{Ryham16,
	Author = {R. J. Ryham and T. S. Klotz and L. Yao and F. S. Cohen},
	Journal = {Biophys. J.},
	Pages = {1110-1124},
	Title = {Calculating Transition Energy Barriers and Characterizing Activation States for Steps of Fusion},
	Volume = {110},
	Year = {2016}}

@article{Eriksson,
	Author = {J. C. Eriksson and S. Ljunggren and P. M. Claesson},
	Journal = {J. Chem. Soc., Faraday Trans. 2},
	Number = {3},
	Pages = {163-176},
	Title = {A Phenomenological Theory of Long-range Hydrophobic Attraction Forces based on a Square-gradient Variational Approach},
	Volume = {85},
	Year = {1989}}

@article{Shaqfeh05,
	Author = {E. S. G. Shaqfeh},
	Journal = {J. Non-Newtonian Fluid Mech.},
	Pages = {1-28},
	Title = {The dynamics of single-molecule DNA in flow},
	Volume = {130},
	Year = {2005}}

@article{Swigon,
	Author = {D. Swigon and S. Lim and Y. Kim},
	Journal = {Biochem. Soc. Trans.},
	Pages = {554-558},
	Title = {Dynamical simulations of DNA supercoiling and compression},
	Volume = {41},
	Year = {2013}}

@article{Shravan09,
	Author = {S. K. Veerapaneni and D. Gueyffier and D. Zorin and G. Biros},
	Journal = {J. Comput. Phys.},
	Number = {7},
	Pages = {2334-2353},
	Title = {A boundary integral method for simulating the dynamics of inextensible vesicles suspended in a viscous fluid in 2D},
	Volume = {228},
	Year = {2009}}

@article{Salac,
	Author = {D. Salac and M. J. Miksis},
	Journal = {J. Fluid Mech.},
	Pages = {122-146},
	Title = {Reynolds number effects on lipid vesicles},
	Volume = {711},
	Year = {2012}}

@article{Schwalbe,
	Author = {J. T. Schwalbe and P. M. Vlahovska and M. J. Miksis},
	Journal = {J. Fluid Mech.},
	Pages = {403-419},
	Title = {Monolayer slip effects on the dynamics of a lipid bilayer vesicle in a viscous flow},
	Volume = {647},
	Year = {2010}}

@article{Vlahovska,
	Author = {P. M. Vlahovska},
	Journal = {J. Fluid Mech.},
	Pages = {1-4},
	Title = {Asymmetric shapes and pearling of a stretched vesicle},
	Volume = {754},
	Year = {2014}}

@article{Goetz,
	Author = {R. Goetz and R. Lipowsky},
	Journal = {J. Chem. Phys.},
	Number = {17},
	Pages = {7397-7409},
	Title = {Computer simulations of bilayer membranes: Self-assembly and interfacial tension},
	Volume = {108},
	Year = {1998}}

@article{QiangDu09,
	Author = {Q. Du and C. Liu and R. Ryham and X. Wang},
	Journal = {Physica D},
	Pages = {923-930},
	Title = {Energetic variational approaches in modeling vesicle and fluid interactions},
	Volume = {238},
	Year = {2009}}

@article{QiangDu08,
	Author = {Q. Du and J. Zhang},
	Journal = {SIAM J. Sci. Comput.},
	Number = {3},
	Pages = {1634-1657},
	Title = {Adaptive Finite Element Method for a Phase Field Bending Elasticity Model of Vesicle Membrane Deformations},
	Volume = {30},
	Year = {2008}}

@article{Lowengrub07,
	Author = {J. S. Lowengrub and J-J. Xu and A. Voigt},
	Journal = {Fluid Dyn. Mater. Proc.},
	Pages = {1-19},
	Title = {Surface Phase Separation and Flow in a Simple Model of Multicomponent Drops and Vesicles},
	Volume = {3},
	Year = {2007}}

@article{ShuwangLi,
	Author = {S. Li and J. S. Lowengrub and A. Voigt},
	Journal = {Comm. Math. Sci},
	Number = {2},
	Pages = {645-670},
	Title = {Locomotion, wrinkling, and budding of a multicomponent vesicle in viscous fluids},
	Volume = {10},
	Year = {2012}}

@article{Sinha,
	Author = {K. Sinha and M. Graham},
	Journal = {Phys. Rev. E},
	Pages = {042710},
	Title = {Dynamics of a single red blood cell in simple shear flow},
	Volume = {92},
	Year = {2015}}

@article{Fauci15,
	Author = {V. Aranda and R. Cortez and L. Fauci},
	Journal = {J. Biomechanics},
	Number = {9},
	Pages = {1631-1638},
	Title = {A model of Stokesian peristalsis and vesicle transport in a three-dimensional closed cavity},
	Volume = {48},
	Year = {2015}}

@article{Fauci15_2,
	Author = {J. Simons and L. Fauci and R. Cortez},
	Journal = {J. Biomechanics},
	Number = {9},
	Pages = {1639-1651},
	Title = {A fully three-dimensional model of the interaction of driven elastic filaments in a Stokes flow with applications to sperm motility},
	Volume = {48},
	Year = {2015}}

@article{Fauci16,
	Author = {J. Wrobel and S. Lynch and A. Barrett and L. Fauci and R. Cortez},
	Journal = {J. Fluid Mech.},
	Pages = {775-797},
	Title = {Enhanced flagellar swimming through a compliant viscoelastic network in Stokes flow},
	Volume = {792},
	Year = {2016}}

@article{Olson11,
	Author = {S. D. Olson and L. Fauci and S. S. Suarez},
	Journal = {Mol. Hum. Reprod.},
	Number = {8},
	Pages = {500-510},
	Title = {Mathematical modeling of calcium signaling during sperm hyperactivation},
	Volume = {17},
	Year = {2011}}

@article{Hu13,
	Author = {W.-F. Hu and M.-C. Lai},
	Journal = {East Asian J. Applied Math.},
	Pages = {247-262},
	Title = {Unconditionally Energy Stable Immersed Boundary Method with Application to Vesicle Dynamics},
	Volume = {3},
	Year = {2013}}

@article{Hu2016_JCP,
	Author = {W.-F. Hu and M.-C. Lai and Y. Seol and Y.-N. Young},
	Journal = {J. Comp. Phys.},
	Pages = {66-81},
	Title = {Vesicle electrohydrodynamic simulations by coupling immersed boundary and immersed interface method},
	Volume = {317},
	Year = {2016}}

@article{Lai00,
	Author = {M.-C. Lai and C. S. Peskin},
	Journal = {J. Comput. Phys.},
	Pages = {705-719},
	Title = {An Immersed Boundary Method with Formal Second-Order Accuracy and Reduced Numerical Viscosity},
	Volume = {160},
	Year = {2000}}

@article{Griffith05,
	Author = {B. E. Griffith and C. S. Peskin},
	Journal = {J. Comput. Phys.},
	Pages = {75-105},
	Title = {On the order of accuracy of the immersed boundary method: Higher order convergence rates for sufficiently smooth problems},
	Volume = {208},
	Year = {2005}}

@article{Lowengrub13,
	Author = {F. Hauer and W. Marth and S. Li and J. Lowengrub and A. Ratz and A. Voigt},
	Journal = {Int. J. Biomath. Biostat.},
	Number = {1},
	Pages = {19-48},
	Title = {Thermodynamically consistent models for two component vesicles},
	Volume = {2},
	Year = {2013}}

@article{Rahimian15,
	Author = {A. Rahimian and S. Veerapaneni and D. Zorin and G. Biros},
	Journal = {J. Comput. Phys.},
	Pages = {766-786},
	Title = {Boundary integral method for the flow of vesicles with viscosity contrast in three dimensions},
	Volume = {298},
	Year = {2015}}

@article{Peskin01,
	Author = {E. Jung and C. S. Peskin},
	Journal = {SIAM J. Sci. Comput.},
	Number = {1},
	Pages = {19-45},
	Title = {Two-Dimensional Simulations of Valveless Pumping Using the Immersed Boundary Method},
	Volume = {23},
	Year = {2001}}

@article{Lushi14,
	Author = {E. Lushi and H. Wioland and R. E. Goldstein},
	Journal = {PNAS},
	Number = {27},
	Pages = {9733-9738},
	Title = {Fluid flows created by swimming bacteria drive self-organization in confined suspensions},
	Volume = {111},
	Year = {2014}}

@article{Pozrikidis,
	Author = {C. Pozrikidis},
	Journal = {Math. Med. Bio.},
	Pages = {34-52},
	Title = {Resting shape and spontaneous membrane curvature of red blood cells},
	Volume = {22},
	Year = {2005}}

@article{Marple,
	Author = {G. Marple and A. Barnett and A. Gillman and S. Veerapaneni},
	Journal = {SIAM J. Sci Comput.},
	Number = {5},
	Pages = {B740-B772},
	Title = {A fast algorithm for simulating multiphase flows through periodic geometries of arbitrary shape},
	Volume = {38},
	Year = {2016}}

@article{Andreas,
	Author = {A. Kl{\"o}ckner and A. Barnett and L. Greengard and M. O'Neil},
	Journal = {J. Comput. Phys.},
	Pages = {332-349},
	Title = {Quadrature by expansion: A new method for the evaluation of layer potentials},
	Volume = {252},
	Year = {2013}}

@article{Greengard02,
	Author = {L. F. Greengard and J. Huang},
	Journal = {J. Comput. Phys.},
	Pages = {642-658},
	Title = {A New Version of the Fast Multipole Method for Screened Coulomb Interactions in Three Dimensions},
	Volume = {180},
	Year = {2002}}

@article{Kawamoto,
	Author = {S. Kawamoto and M. Klein and W. Shinoda},
	Journal = {J. Chem. Phys.},
	Pages = {243112},
	Title = {Coarse-grained molecular dynamics study of membrane fusion: Curvature effects on free energy barriers along the stalk mechanism},
	Volume = {143},
	Year = {2015}}

@article{SoluteSolute,
	Author = {S. Mar\v{c}elja},
	Journal = {Croat. Chem. Acta.},
	Pages = {347-357},
	Title = {Structural Contribution to Solute-Solute Interaction},
	Volume = {49},
	Year = {1977}}

@article{deGraaf,
	Author = {Joost de Graaf and Niels Boon and Marjolein Dijkstra and Ren\'e van Roij},
	Journal = {J. Chem. Phys.},
	Pages = {104910},
	Title = {Electrostatic interactions between Janus particles},
	Volume = {137},
	Year = {2012}}

@article{Brakhage1965,
	Author = {Brakhage, Helmut and Werner, Peter},
	Doi = {10.1007/BF01220037},
	Issn = {1420-8938},
	Journal = {Archiv der Mathematik},
	Number = {1},
	Pages = {325--329},
	Title = {{{\"U}ber das Dirichletsche Au{\ss}enraumproblem f{\"u}r die Helmholtzsche Schwingungsgleichung}},
	Volume = {16},
	Year = {1965},
	Bdsk-Url-1 = {https://doi.org/10.1007/BF01220037}}

@article{burton1971prs,
	Author = {A. J. Burton and G. F. Miller},
	Journal = {Proceedings of the Royal Society Londo A},
	Pages = {201--210},
	Title = {The application of integral equation methods to the numerical solution of some exterior boundary--value problems. A discussion on numerical analysis of partial differential equations},
	Volume = {323},
	Year = {1971}}

@book{EVANS,
	Address = {Providence, RI},
	Author = {Lawrence C. Evans},
	Pages = {749},
	Publisher = {AMS},
	Series = {Graduate Studies in Mathematics},
	Title = {Partial Differential Equations},
	Volume = {19},
	Year = {2001}}

@book{nedelec2001,
	Address = {New York},
	Author = {J. C. N{\'e}d{\'e}lec},
	Pages = {ix+316},
	Publisher = {Springer},
	Series = {Applied Mathematical Sciences},
	Title = {Acoustic and Electromagnetic Equations: Integral Representations for Harmonic Problems},
	Volume = {144},
	Year = {2001}}

@article{greenbaum1993jcp,
	Author = {Greenbaum, A. and Greengard, L. and McFadden, G. B.},
	Journal = {J. Comput. Phys.},
	Number = {2},
	Pages = {267--278},
	Title = {Laplace's equation and the {D}irichlet-{N}eumann map in multiply connected domains},
	Volume = {105},
	Year = {1993}}

@article{greengard1996jcp,
	Author = {Greengard, L. and Kropinski, M. C. and Mayo, A.},
	Journal = {J. Comput. Phys.},
	Number = {2},
	Pages = {403--414},
	Title = {Integral equation methods for {S}tokes flow and isotropic elasticity in the plane},
	Volume = {125},
	Year = {1996}}

@article{jiang2017siammms,
	Author = {S. Jiang and M. Rachh and Y. Xiang},
	Journal = {SIAM J. Multiscle Model. Simul.},
	Number = {1},
	Pages = {235--253},
	Title = {An efficient high order method for dislocation climb in two dimensions},
	Volume = {15},
	Year = {2017}}

@book{nisthandbook,
	Author = {Olver, Frank W. J. and {(U.S.)}, National Institute of Standards and Technology},
	Isbn = {9780521192255},
	Month = may,
	Publisher = {Cambridge University Press},
	Title = {NIST Handbook of Mathematical Functions},
	Url = {http://dlmf.nist.gov},
	Year = {2010},
	Bdsk-Url-1 = {http://dlmf.nist.gov}}

@article{Marrink07,
	Author = {Marrink, Siewert J. and Risselada, H. Jelger and Yefimov, Serge and Tieleman, D. Peter and de Vries, Alex H.},
	Journal = {The Journal of Physical Chemistry B},
	Number = {27},
	Pages = {7812-7824},
	Title = {The MARTINI Force Field: Coarse Grained Model for Biomolecular Simulatons},
	Volume = {111},
	Year = {2007}}

@book{LEAL,
	Author = {Leal, L. Gary},
	Collection = {Cambridge Series in Chemical Engineering},
	Doi = {10.1017/CBO9780511800245},
	Place = {Cambridge},
	Publisher = {Cambridge University Press},
	Series = {Cambridge Series in Chemical Engineering},
	Title = {Advanced Transport Phenomena: Fluid Mechanics and Convective Transport Processes},
	Year = {2007},
	Bdsk-Url-1 = {https://doi.org/10.1017/CBO9780511800245}}

@book{LAX,
	Author = {Lax, P.D.},
	Isbn = {9780471556046},
	Lccn = {01046547},
	Publisher = {Wiley},
	Series = {Pure and applied mathematics},
	Title = {Functional analysis},
	Year = {2002}}

@book{kress2014,
	Author = {Kress, R.},
	Isbn = {9781461495932},
	Lccn = {2013954393},
	Publisher = {Springer New York},
	Series = {Applied Mathematical Sciences},
	Title = {Linear Integral Equations},
	Year = {2014}}

@book{HaBe,
	Author = {Happel, J. and Brenner, H.},
	Lccn = {65021796},
	Publisher = {Prentice-Hall},
	Series = {Prentice-Hall international series in the physical and chemical engineering sciences},
	Title = {Low Reynolds number hydrodynamics: with special applications to particulate media},
	Year = {1965}}

@article{MacCallumTieleman,
	Author = {MacCallum, Justin L. and Tieleman, D. Peter},
	Journal = {Trends Biochem. Sci.},
	Month = {12},
	Number = {12},
	Pages = {653--662},
	Title = {Hydrophobicity scales: a thermodynamic looking glass into lipid-protein interactions},
	Volume = {36},
	Year = {2011}}

@misc{fmmlib,
	Author = {Gimbutas, Zydrunas and Greengard, Leslie},
	Note = {Accessed June 2018},
	Title = {FMMLIB2D},
	Url = {https://github.com/zgimbutas/fmmlib2d},
	Bdsk-Url-1 = {https://github.com/zgimbutas/fmmlib2d}}

@misc{pytential,
	Author = {Kl{\"o}ckner, Andreas and Wala, Matt},
	Note = {Accessed June 2018},
	Title = {Pytential: a software package for the evaluation of layer potentials},
	Url = {https://github.com/inducer/pytential},
	Bdsk-Url-1 = {https://github.com/inducer/pytential}}

@article{rachh:2017:qbx-fmm,
	Author = {Rachh, Manas and Kl{\"o}ckner, Andreas and O'Neil, Michael},
	Doi = {10.1016/j.jcp.2017.04.062},
	Journal = {Journal of Computational Physics},
	Pages = {706--731},
	Title = {Fast algorithms for {Q}uadrature by {E}xpansion {I}: {G}lobally valid expansions},
	Volume = {345},
	Year = {2017},
	Bdsk-Url-1 = {https://doi.org/10.1016/j.jcp.2017.04.062}}

@article{carrier:1988:adaptive-fmm,
	Author = {Carrier, J. and Greengard, L. and Rokhlin, V.},
	Doi = {10.1137/0909044},
	Journal = {SIAM J. Sci. Statist. Comput.},
	Number = {4},
	Pages = {669--686},
	Title = {A fast adaptive multipole algorithm for particle simulations},
	Volume = {9},
	Year = {1988},
	Bdsk-Url-1 = {https://doi.org/10.1137/0909044}}

@article{gigaqbx2d,
	Author = {Matt Wala and Andreas Kl{\"o}ckner},
	Doi = {10.1016/j.jcp.2018.05.006},
	Journal = {Journal of Computational Physics},
	Keywords = {Fast algorithms, Fast multipole method, Integral equations, Quadrature, Singular integrals},
	Pages = {135 - 162},
	Title = {A fast algorithm with error bounds for Quadrature by Expansion},
	Volume = {374},
	Year = {2018},
	Bdsk-Url-1 = {https://doi.org/10.1016/j.jcp.2018.05.006}}

@article{gigaqbx3d,
	Adsnote = {Provided by the SAO/NASA Astrophysics Data System},
	Adsurl = {http://adsabs.harvard.edu/abs/2018arXiv180506106W},
	Archiveprefix = {arXiv},
	Author = {{Wala}, M. and {Kl{\"o}ckner}, A.},
	Eprint = {1805.06106},
	Journal = {ArXiv e-prints},
	Keywords = {Mathematics - Numerical Analysis},
	Month = may,
	Primaryclass = {math.NA},
	Title = {{A Fast Algorithm for Quadrature by Expansion in Three Dimensions}},
	Year = 2018}

@article{epstein:qbx-error-est,
	Author = {Epstein, Charles L. and Greengard, Leslie and Kl{\"o}ckner, Andreas},
	Doi = {10.1137/120902859},
	Fjournal = {SIAM Journal on Numerical Analysis},
	Journal = {SIAM J. Numer. Anal.},
	Mrclass = {65R20 (31B10 65N38 65N80)},
	Mrnumber = {3106484},
	Mrreviewer = {Michael J. Carley},
	Number = {5},
	Pages = {2660--2679},
	Title = {On the convergence of local expansions of layer potentials},
	Volume = {51},
	Year = {2013},
	Bdsk-Url-1 = {https://doi.org/10.1137/120902859}}

@article{Kim10,
	Author = {Yongsam Kim and Ming-Chih Lai},
	Doi = {10.1016/j.jcp.2010.03.020},
	Issn = {0021-9991},
	Journal = {Journal of Computational Physics},
	Keywords = {Penalty immersed boundary method, Inextensible vesicles, Binary-component vesicles},
	Number = {12},
	Pages = {4840 - 4853},
	Title = {Simulating the dynamics of inextensible vesicles by the penalty immersed boundary method},
	Volume = {229},
	Year = {2010},
	Bdsk-Url-1 = {https://doi.org/10.1016/j.jcp.2010.03.020}}

@article{Sinha15,
	Author = {Sinha, Kushal and Graham, Michael D.},
	Doi = {10.1103/PhysRevE.92.042710},
	Issue = {4},
	Journal = {Phys. Rev. E},
	Month = {Oct},
	Numpages = {19},
	Pages = {042710},
	Publisher = {American Physical Society},
	Title = {Dynamics of a single red blood cell in simple shear flow},
	Volume = {92},
	Year = {2015},
	Bdsk-Url-1 = {https://doi.org/10.1103/PhysRevE.92.042710}}

@article{Bartels,
	Author = {{Bartels, S\"oren} and {Dolzmann, Georg} and {Nochetto, Ricardo H.}},
	Doi = {10.1051/m2an/2009040},
	Journal = {ESAIM: M2AN},
	Number = 1,
	Pages = {1-31},
	Title = {A finite element scheme for the evolution of orientational order in fluid membranes},
	Volume = 44,
	Year = 2010,
	Bdsk-Url-1 = {https://doi.org/10.1051/m2an/2009040}}

@incollection{Parsegian,
	Author = {V.A. Parsegian and R.P. Rand},
	Booktitle = {Structure and Dynamics of Membranes},
	Doi = {10.1016/S1383-8121(06)80006-0},
	Editor = {R. Lipowsky and E. Sackmann},
	Issn = {1383-8121},
	Pages = {643 - 690},
	Publisher = {North-Holland},
	Series = {Handbook of Biological Physics},
	Title = {Chapter 13 - Interaction in Membrane Assemblies},
	Volume = {1},
	Year = {1995},
	Bdsk-Url-1 = {https://doi.org/10.1016/S1383-8121(06)80006-0}}

@article{ParsegianNinham,
	Author = {V. A. Parsegian and B. W. Ninham},
	Journal = {Biophys. J.},
	Pages = {664-674},
	Title = {Temperature-dependent van der Waals forces},
	Volume = {10},
	Year = {1970}}

@article{Contreras10,
	Author = {F.-Xabier Contreras and Lissete S{\'a}nchez-Magraner and Alicia Alonso and F{\'e}lix M. Go{\~n}i},
	Doi = {10.1016/j.febslet.2009.12.049},
	Issn = {0014-5793},
	Journal = {FEBS Letters},
	Keywords = {Transmembrane lipid motion, Lipid flip-flop, Bilayer scrambling, Ceramide, Diacylglycerol},
	Note = {Frontiers in Membrane Biochemistry},
	Number = {9},
	Pages = {1779 - 1786},
	Title = {Transbilayer (flip-flop) lipid motion and lipid scrambling in membranes},
	Volume = {584},
	Year = {2010},
	Bdsk-Url-1 = {https://doi.org/10.1016/j.febslet.2009.12.049}}

@article{plimpton2007lammps,
	Author = {Plimpton, Steve and Crozier, Paul and Thompson, Aidan},
	Journal = {Sandia National Laboratories},
	Pages = {43},
	Title = {LAMMPS-large-scale atomic/molecular massively parallel simulator},
	Volume = {18},
	Year = {2007}}

@book{gilbarg_elliptic_2015,
	Abstract = {From the reviews:"This is a book of interest to any having to work with differential equations, either as a reference or as a book to learn from. The authors have taken trouble to make the treatment self-contained. It (is) suitable required reading for a PhD student. Although the material has been developed from lectures at Stanford, it has developed into an almost systematic coverage that is much longer than could be covered in a year's lectures". Newsletter, New Zealand Mathematical Society, 1985 "Primarily addressed to graduate students this elegant book is accessible and useful to a broad spectrum of applied mathematicians". Revue Roumaine de Math{\'e}matiques Pures et Appliqu{\'e}es,1985},
	Author = {Gilbarg, David and Trudinger, Neil S.},
	Isbn = {978-3-642-61798-0},
	Keywords = {Mathematics / Mathematical Analysis, Mathematics / Differential Equations / General},
	Language = {en},
	Month = mar,
	Publisher = {Springer},
	Title = {Elliptic {Partial} {Differential} {Equations} of {Second} {Order}},
	Year = {2015}}

@phdthesis{manasthesis,
	Author = {Manas Rachh},
	Month = 5,
	School = {New York University},
	Title = {Integral equation methods for problems in electrostatics, elastostatics and viscous flow},
	Year = 2015}

@article{Yoo2013,
	Author = {Jejoong Yoo and Meyer B. Jackson and Qiang Cui},
	Journal = {Biophysical Journal},
	Number = {4},
	Pages = {841 - 852},
	Title = {A Comparison of Coarse-Grained and Continuum Models for Membrane Bending in Lipid Bilayer Fusion Pores},
	Volume = {104},
	Year = {2013}}

@article{Lowengrub16,
	Author = {Lowengrub, John and Allard, Jun and Aland, Sebastian},
	Doi = {10.1016/j.jcp.2015.12.055},
	Issn = {0021-9991},
	Journal = {Journal of computational physics},
	Month = {March},
	Pages = {112---128},
	Title = {Numerical simulation of endocytosis: Viscous flow driven by membranes with non-uniformly distributed curvature-inducing molecules},
	Url = {http://europepmc.org/articles/PMC4746022},
	Volume = {309},
	Year = {2016},
	Bdsk-Url-1 = {http://europepmc.org/articles/PMC4746022},
	Bdsk-Url-2 = {https://doi.org/10.1016/j.jcp.2015.12.055}}

@article{Cooke05,
	Author = {Cooke, Ira R. and Deserno, Markus},
	Doi = {10.1063/1.2135785},
	Journal = {The Journal of Chemical Physics},
	Number = {22},
	Pages = {224710},
	Title = {Solvent-free model for self-assembling fluid bilayer membranes: Stabilization of the fluid phase based on broad attractive tail potentials},
	Volume = {123},
	Year = {2005},
	Bdsk-Url-1 = {https://doi.org/10.1063/1.2135785}}

@article{OhtaKawasaki,
	Author = {Ohta, Takao and Kawasaki, Kyozi},
	Doi = {10.1021/ma00164a028},
	Journal = {Macromolecules},
	Number = {10},
	Pages = {2621-2632},
	Title = {Equilibrium morphology of block copolymer melts},
	Volume = {19},
	Year = {1986},
	Bdsk-Url-1 = {https://doi.org/10.1021/ma00164a028}}

@article{TerziDeserno17,
	Author = {Terzi,M. Mert and Deserno,Markus},
	Doi = {10.1063/1.4990404},
	Journal = {The Journal of Chemical Physics},
	Number = {8},
	Pages = {084702},
	Title = {Novel tilt-curvature coupling in lipid membranes},
	Volume = {147},
	Year = {2017},
	Bdsk-Url-1 = {https://doi.org/10.1063/1.4990404}}

@article{AbelsKampmann,
	Author = {ABELS, H. and KAMPMANN, J.},
	Doi = {10.1017/S0956792519000056},
	Journal = {European Journal of Applied Mathematics},
	Pages = {1--42},
	Publisher = {Cambridge University Press},
	Title = {On a model for phase separation on biological membranes and its relation to the Ohta--Kawasaki equation},
	Bdsk-Url-1 = {https://doi.org/10.1017/S0956792519000056}}

@article{Admal2010,
	Author = {Admal, Nikhil Chandra and Tadmor, E. B.},
	Day = {01},
	Doi = {10.1007/s10659-010-9249-6},
	Issn = {1573-2681},
	Journal = {Journal of Elasticity},
	Month = {Jun},
	Number = {1},
	Pages = {63--143},
	Title = {A Unified Interpretation of Stress in Molecular Systems},
	Url = {https://doi.org/10.1007/s10659-010-9249-6},
	Volume = {100},
	Year = {2010},
	Bdsk-Url-1 = {https://doi.org/10.1007/s10659-010-9249-6}}

@article{Ardekani10,
	Author = {Ardekani, A. M. and Stocker, R.},
	Doi = {10.1103/PhysRevLett.105.084502},
	Issue = {8},
	Journal = {Phys. Rev. Lett.},
	Month = {Aug},
	Numpages = {4},
	Pages = {084502},
	Publisher = {American Physical Society},
	Title = {Stratlets: Low Reynolds Number Point-Force Solutions in a Stratified Fluid},
	Url = {https://link.aps.org/doi/10.1103/PhysRevLett.105.084502},
	Volume = {105},
	Year = {2010},
	Bdsk-Url-1 = {https://link.aps.org/doi/10.1103/PhysRevLett.105.084502},
	Bdsk-Url-2 = {https://doi.org/10.1103/PhysRevLett.105.084502}}

@article{ArenasGarcia19,
	Author = {Arenas, Isnardo and Garc{\'\i}a, Edgardo and Fu, Matthew K. and Orlandi, Paolo and Hultmark, Marcus and Leonardi, Stefano},
	Doi = {10.1017/jfm.2019.222},
	Journal = {Journal of Fluid Mechanics},
	Pages = {500--525},
	Publisher = {Cambridge University Press},
	Title = {Comparison between super-hydrophobic, liquid infused and rough surfaces: a direct numerical simulation study},
	Volume = {869},
	Year = {2019},
	Bdsk-Url-1 = {https://doi.org/10.1017/jfm.2019.222}}

@article{Davtyan17,
	Author = {Davtyan,Aram and Simunovic,Mijo and Voth,Gregory A.},
	Doi = {10.1063/1.4993514},
	Journal = {The Journal of Chemical Physics},
	Number = {4},
	Pages = {044101},
	Title = {The mesoscopic membrane with proteins (MesM-P) model},
	Volume = {147},
	Year = {2017},
	Bdsk-Url-1 = {https://doi.org/10.1063/1.4993514}}

@article{Discher02,
	Author = {Discher, Dennis E. and Eisenberg, Adi},
	Doi = {10.1126/science.1074972},
	Eprint = {https://science.sciencemag.org/content/297/5583/967.full.pdf},
	Issn = {0036-8075},
	Journal = {Science},
	Number = {5583},
	Pages = {967--973},
	Publisher = {American Association for the Advancement of Science},
	Title = {Polymer Vesicles},
	Url = {https://science.sciencemag.org/content/297/5583/967},
	Volume = {297},
	Year = {2002},
	Bdsk-Url-1 = {https://science.sciencemag.org/content/297/5583/967},
	Bdsk-Url-2 = {https://doi.org/10.1126/science.1074972}}

@article{Maury2006,
	Author = {Maury, B.},
	Day = {01},
	Doi = {10.1007/s00211-005-0666-6},
	Issn = {0945-3245},
	Journal = {Numerische Mathematik},
	Month = {Feb},
	Number = {4},
	Pages = {649--679},
	Title = {A time-stepping scheme for inelastic collisions},
	Url = {https://doi.org/10.1007/s00211-005-0666-6},
	Volume = {102},
	Year = {2006},
	Bdsk-Url-1 = {https://doi.org/10.1007/s00211-005-0666-6}}

@article{Smirnova19,
	Author = {Smirnova, Yuliya G. and Risselada, Herre Jelger and M{\"u}ller, Marcus},
	Doi = {10.1073/pnas.1818200116},
	Journal = {Proceedings of the National Academy of Sciences},
	Number = {7},
	Pages = {2571--2576},
	Publisher = {National Academy of Sciences},
	Title = {Thermodynamically reversible paths of the first fusion intermediate reveal an important role for membrane anchors of fusion proteins},
	Volume = {116},
	Year = {2019},
	Bdsk-Url-1 = {https://doi.org/10.1073/pnas.1818200116}}

@article{TORRESSANCHEZ2016,
	Author = {Alejandro Torres-S{\'a}nchez and Juan M. Vanegas and Marino Arroyo},
	Doi = {10.1016/j.jmps.2016.03.006},
	Issn = {0022-5096},
	Journal = {Journal of the Mechanics and Physics of Solids},
	Note = {Special Issue in honor of Michael Ortiz},
	Pages = {224 - 239},
	Title = {Geometric derivation of the microscopic stress: A covariant central force decomposition},
	Volume = {93},
	Year = {2016},
	Bdsk-Url-1 = {https://doi.org/10.1016/j.jmps.2016.03.006}}

@article{TORRESSANCHEZ2015,
	Author = {Torres-S\'anchez, Alejandro and Vanegas, Juan M. and Arroyo, Marino},
	Doi = {10.1103/PhysRevLett.114.258102},
	Issue = {25},
	Journal = {Phys. Rev. Lett.},
	Month = {Jun},
	Numpages = {5},
	Pages = {258102},
	Publisher = {American Physical Society},
	Title = {Examining the Mechanical Equilibrium of Microscopic Stresses in Molecular Simulations},
	Volume = {114},
	Year = {2015},
	Bdsk-Url-1 = {https://doi.org/10.1103/PhysRevLett.114.258102}}

@article{Discher967,
	Author = {D. E. Discher and A. Eisenberg},
	Journal = {Science},
	Number = {5583},
	Pages = {967--973},
	Title = {Polymer Vesicles},
	Volume = {297},
	Year = {2002}}

@article{Lutz_Bueno_Langmuir16,
	Author = {V. Lutz-Bueno and R. Pasquino and M. Liebi and J. Kohlbrecher and P. Fischer},
	Journal = {Langmuir},
	Pages = {4239--4250},
	Title = {``Viscoelasticity enhancement of surfactant solutions depends on molecular conformation: influence of surfactant headgroup structure and its counterion},
	Volume = {32},
	Year = {2016}}

@article{Singh03,
	Author = {P. Singh and T.I. Hesla and D.D. Joseph},
	Doi = {10.1016/S0301-9322(02)00164-7},
	Issn = {0301-9322},
	Journal = {International Journal of Multiphase Flow},
	Number = {3},
	Pages = {495 - 509},
	Title = {Distributed Lagrange multiplier method for particulate flows with collisions},
	Volume = {29},
	Year = {2003},
	Bdsk-Url-1 = {https://doi.org/10.1016/S0301-9322(02)00164-7}}

@article{Nagle17,
	Author = {J. F. Nagle},
	Issn = {0009-3084},
	Journal = {Chemistry and Physics of Lipids},
	Pages = {18 - 24},
	Title = {Experimentally determined tilt and bending moduli of single-component lipid bilayers},
	Volume = {205},
	Year = {2017}}

@article{May2004,
	Author = {May, S. and Kozlovsky, Y. and Ben-Shaul, A. and Kozlov, M. M.},
	Day = {01},
	Doi = {10.1140/epje/i2004-10019-y},
	Journal = {The European Physical Journal E},
	Month = {Jul},
	Number = {3},
	Pages = {299--308},
	Title = {Tilt modulus of a lipid monolayer},
	Volume = {14},
	Year = {2004},
	Bdsk-Url-1 = {https://doi.org/10.1140/epje/i2004-10019-y}}

@article{Nagle17-2,
	Author = {J. F. Nagle},
	Journal = {European Pharmaceutical Journal},
	Number = {2},
	Pages = {22 - 23},
	Title = {Mechanical properties of lipid bilayers},
	Volume = {64},
	Year = {2017}}

@article{Nagle15,
	Author = {J. F. Nagle and M. S. Jablin and S. Tristram-Nagle and K. Akabori},
	Doi = {https://doi.org/10.1016/j.chemphyslip.2014.04.003},
	Issn = {0009-3084},
	Journal = {Chemistry and Physics of Lipids},
	Note = {Membrane mechanochemistry: From the molecular to the cellular scale},
	Pages = {3 -- 10},
	Title = {What are the true values of the bending modulus of simple lipid bilayers?},
	Volume = {185},
	Year = {2015},
	Bdsk-Url-1 = {https://doi.org/10.1016/j.chemphyslip.2014.04.003}}

@article{WangDeserno16,
	Author = {Wang, Xin and Deserno, Markus},
	Doi = {10.1021/acs.jpcb.6b02016},
	Journal = {The Journal of Physical Chemistry B},
	Number = {26},
	Pages = {6061-6073},
	Title = {Determining the Lipid Tilt Modulus by Simulating Membrane Buckles},
	Volume = {120},
	Year = {2016},
	Bdsk-Url-1 = {https://doi.org/10.1021/acs.jpcb.6b02016}}

@article{Burger13,
	Author = {Burger, Stefan and Fraunholz, Thomas and Leirer, Christian and Hoppe, Ronald H. W. and Wixforth, Achim and Peter, Malte A. and Franke, Thomas},
	Doi = {10.1021/la401145t},
	Journal = {Langmuir},
	Number = {25},
	Pages = {7565-7570},
	Title = {Comparative Study of the Dynamics of Lipid Membrane Phase Decomposition in Experiment and Simulation},
	Volume = {29},
	Year = {2013},
	Bdsk-Url-1 = {https://doi.org/10.1021/la401145t}}

@article{May2000,
	Author = {May, S.},
	Day = {01},
	Doi = {10.1007/s101890070039},
	Journal = {The European Physical Journal E},
	Month = {Sep},
	Number = {1},
	Pages = {37--44},
	Title = {A molecular model for the line tension of lipid membranes},
	Volume = {3},
	Year = {2000},
	Bdsk-Url-1 = {https://doi.org/10.1007/s101890070039}}

@article{KUZMIN2005,
	Author = {Peter I. Kuzmin and Sergey A. Akimov and Yuri A. Chizmadzhev and Joshua Zimmerberg and Fredric S. Cohen},
	Doi = {10.1529/biophysj.104.048223},
	Issn = {0006-3495},
	Journal = {Biophysical Journal},
	Number = {2},
	Pages = {1120 - 1133},
	Title = {Line Tension and Interaction Energies of Membrane Rafts Calculated from Lipid Splay and Tilt},
	Volume = {88},
	Year = {2005},
	Bdsk-Url-1 = {https://doi.org/10.1529/biophysj.104.048223}}

@article{EVANS03,
	Author = {Evan Evans and Volkmar Heinrich and Florian Ludwig and Wieslawa Rawicz},
	Doi = {10.1016/S0006-3495(03)74658-X},
	Issn = {0006-3495},
	Journal = {Biophysical Journal},
	Number = {4},
	Pages = {2342 - 2350},
	Title = {Dynamic Tension Spectroscopy and Strength of Biomembranes},
	Volume = {85},
	Year = {2003},
	Bdsk-Url-1 = {https://doi.org/10.1016/S0006-3495(03)74658-X}}

@article{FriedSeguin14,
	Author = {B. Seguin and E. Fried},
	Issue = {3},
	Journal = {Journal of Mathematical Biology},
	Pages = {345--361},
	Title = {Calculating the Bending Moduli of the {C}anham--{H}elfrich Free-Energy Density},
	Volume = {68},
	Year = {2014}}

@article{Soft_matter_Dimova_Vlahovska2019,
	Author = {H. A. Faizi and S. L. Frey and J. Steink\"uler and R. Dimova and P. M. Vlahovska},
	Journal = {Soft Matter},
	Pages = {Advance Article},
	Title = {Bending rigidity of charged lipid bilayer membranes},
	Year = {2019}}

@article{Petelska2012,
	Author = {Petelska, Aneta D.},
	Day = {01},
	Doi = {10.2478/s11532-011-0130-7},
	Journal = {Central European Journal of Chemistry},
	Month = {Feb},
	Number = {1},
	Pages = {16--26},
	Title = {Interfacial tension of bilayer lipid membranes},
	Volume = {10},
	Year = {2012},
	Bdsk-Url-1 = {https://doi.org/10.2478/s11532-011-0130-7}}

@article{GarciaSaez,
	Author = {Garc\'{i}a-S\'{a}ez, Ana J. and Chiantia, Salvatore and Schwille, Petra},
	Doi = {10.1074/jbc.M706162200},
	Journal = {Journal of Biological Chemistry},
	Number = {46},
	Pages = {33537-33544},
	Title = {Effect of Line Tension on the Lateral Organization of Lipid Membranes},
	Volume = {282},
	Year = {2007},
	Bdsk-Url-1 = {https://doi.org/10.1074/jbc.M706162200}}

@article{GompperSchick1990_PRL,
	Author = {G. Gompper and M. Schick},
	Journal = {Phys. Rev. Lett.},
	Number = {9},
	Pages = {1116-1119},
	Title = {Correlation between Structural and Interfacial Properties of Amphiphilic Systems},
	Volume = {65},
	Year = {1990}}

@article{KraitzmanPromislow2018_SIAMJMathAnal,
	Author = {N. Kraitzman and K. Promislow},
	Journal = {SIAM J. Math. Anal.},
	Number = {3},
	Pages = {3395-3426},
	Title = {Pearling bifucations in the strong functionalized {C}ahn-{H}illiard free energy},
	Volume = {50},
	Year = {2018}}

@article{FengGuanLowengrub2018_JSciComput,
	Author = {W. Feng and Z. Guan and J. Lowengrub and C. Wang and S. Wise and Y. Chen},
	Journal = {J. Sci. Comput.},
	Pages = {1938-1967},
	Title = {A Uniquely Solvable, Energy Stable Numerical Scheme for the Functionalized {C}ahn--{H}illiard Equation and Its Convergence Analysis},
	Volume = {76},
	Year = {2018}}

@article{DaiPromislow2013_RSPa,
	Author = {S. Dai and K. Promislow},
	Journal = {Proc. Roy. Soc. A},
	Pages = {20120505},
	Title = {Geometric evolution of bilayers under the functionalized {C}ahn--{H}illiard equation},
	Volume = {469},
	Year = {2013}}

@article{DaiPromislow2015_SIAMJMathAnal,
	Author = {S. Dai and K. Promislow},
	Journal = {SIAM. J. Math. Anal.},
	Number = {1},
	Pages = {347-380},
	Title = {Competitive geometric evoluton of amphiphilic interfaces},
	Volume = {47},
	Year = {2015}}

@article{LowengrubRatzVoigt2009_PRE,
	Author = {J. S. Lowengrub and A. Ratz and A. Voigt},
	Journal = {Phys. Rev. E},
	Pages = {031926},
	Title = {Phase-field modeling of the dynamics of multicomponent vesicles: Spinodal decomposition, coarsening, budding, and fission},
	Volume = {79},
	Year = {2009}}

@article{noguchi11,
	Author = {Noguchi,Hiroshi},
	Doi = {10.1063/1.3541246},
	Journal = {The Journal of Chemical Physics},
	Number = {5},
	Pages = {055101},
	Title = {Solvent-free coarse-grained lipid model for large-scale simulations},
	Volume = {134},
	Year = {2011},
	Bdsk-Url-1 = {https://doi.org/10.1063/1.3541246}}
