%%%%%%%%%%%%%%%%%%%%%%%%%%%%%%%%%%%%%%%%%%%%%%%%%%
%Motivations

%Improving Particle Methods
@article{Wilson2021ComparisonOT,
  title={Comparison of the MSMS and NanoShaper molecular surface triangulation codes in the TABI Poisson–Boltzmann solver},
  author={Leighton Wilson and Robert Krasny},
  journal={Journal of Computational Chemistry},
  year={2021},
  volume={42},
  pages={1552}
}

@article{Russell2016EnergyLF,
  title={Energy Landscapes for the Self-Assembly of Supramolecular Polyhedra},
  author={Emily R. Russell and Govind Menon},
  journal={Journal of Nonlinear Science},
  year={2016},
  volume={26},
  pages={663-681}
}

@article{Ha2022SurfaceEM,
  title={Surface energy minimizing configurations for axisymmetric microparticles},
  author={Kyung Ha and Joseph Michael de Rutte and Dino Di Carlo and Andrea L. Bertozzi},
  journal={Journal of Engineering Mathematics},
  year={2022}
}

@inproceedings{Ha2020MinimalSC,
  title={Minimal surface conﬁgurations for axisymmetric microparticles},
  author={Kyung Ha and Joseph de Rutte and Dino Di Carlo and A. Bertozzi},
  year={2020}
}

@article{https://doi.org/10.1002/adma.202206288,
author = {Joseph, Anton and Wagner, Anna M. and Garay-Sarmiento, Manuela and Aleksanyan, Mina and Haraszti, Tamás and Söder, Dominik and Georgiev, Vasil N. and Dimova, Rumiana and Percec, Virgil and Rodriguez-Emmenegger, Cesar},
title = {Zwitterionic Dendrimersomes: A Closer Xenobiotic Mimic of Cell Membranes},
journal = {Advanced Materials},
volume = {n/a},
number = {n/a},
pages = {2206288}}

@article{Marui2022IncreasedEO,
  title={Increased efficiency of charge-mediated fusion in polymer/lipid hybrid membranes},
  author={Nika Maru\v{s}i\v{c} and Lado Otrin and Jonas Rauchhaus and Ziliang Zhao and Fotis L. Kyrilis and Farzad Hamdi and Panagiotis L. Kastritis and Rumiana Dimova and Ivan Ivanov and Kai Sundmacher},
  journal={Proceedings of the National Academy of Sciences of the United States of America},
  year={2022},
  volume={119}
}

@article{Kim2021SelfassembledMV,
  title={Self-assembled mRNA vaccines},
  author={Jeonghwan Kim and Yulia Eygeris and Mohit Gupta and Gaurav Sahay},
  journal={Advanced Drug Delivery Reviews},
  year={2021},
  volume={170},
  pages={83 - 112}
}

@article{Zeng20223DprintedMT,
  title={3D-printed machines that manipulate microscopic objects using capillary forces},
  author={Cheng Zeng and Maya Winters Faaborg and Ahmed Sherif and Martin J Falk and Rozhin Hajian and Ming Xiao and Kara Hartig and Yohai Bar-Sinai and Michael P. Brenner and Vinothan N. Manoharan},
  journal={Nature},
  year={2022},
  volume={611},
  pages={68 - 73}
}

@inproceedings{Layachi2022RheologyOV,
  title={Rheology of vesicle prototissues: A microfluidic approach},
  author={Majid Layachi and Laura Casas-Ferrer and Gladys Massiera and Laura Casanellas},
  booktitle={Frontiers in Physics},
  year={2022}
}

@article{Lu2019NonparametricIO,
  title={Nonparametric inference of interaction laws in systems of agents from trajectory data},
  author={Fei Lu and Ming Zhong and Sui Tang and Mauro Maggioni},
  journal={Proceedings of the National Academy of Sciences},
  year={2019},
  volume={116},
  pages={14424 - 14433}
}

@article{Tadmor2021OnTM,
  title={On the Mathematics of Swarming: Emergent Behavior in Alignment Dynamics},
  author={Eitan Tadmor},
  journal={Notices of the American Mathematical Society},
  year={2021},
  volume={68},
  pages={1}
}

%%%%%%%%%%%%%%%%%%%%%%%%%%%%%%%%%%%%%%%%%%%%%%%%%%
% Nematics on surfaces 
@article{Hamm2000ElasticEO,
  title={Elastic energy of tilt and bending of fluid membranes},
  author={Marc Hamm and Michael M. Kozlov},
  journal={The European Physical Journal E},
  year={2000},
  volume={3},
  pages={323-335}
}

@inproceedings{Terzi2019CurvatureTiltTO,
  title={Curvature-Tilt Theories of Lipid Membranes},
  author={Mustafa Mert Terzi},
  year={2019}
}

@article{Terzi2019ACQ,
  title={A consistent quadratic curvature-tilt theory for fluid lipid membranes.},
  author={Mustafa Mert Terzi and Muhammed F Erg{\"u}der and Markus Deserno},
  journal={The Journal of chemical physics},
  year={2019},
  volume={151 16},
  pages={
          164108
        }
}

@article{Terzi2017NovelTC,
  title={Novel tilt-curvature coupling in lipid membranes.},
  author={Mustafa Mert Terzi and Markus Deserno},
  journal={The Journal of chemical physics},
  year={2017},
  volume={147 8},
  pages={
          084702
        }
}

@article{Pinigin2020NewCT,
  title={New contributions to elastic energy of lipid membranes: tilt-curvature coupling and curvature gradient terms},
  author={Konstantin V. Pinigin and Peter I Kuzmin and Sergey A. Akimov and Timur R. Galimzyanov},
  journal={arXiv: Biological Physics},
  year={2020}
}

@article{Nestler2020PropertiesOS,
  title={Properties of surface Landau-de Gennes Q-tensor models.},
  author={Michael Nestler and Ingo Nitschke and Hartmut L{\"o}wen and Axel Voigt},
  journal={Soft matter},
  year={2020}
}

@article{Segatti2014EquilibriumCO,
  title={Equilibrium configurations of nematic liquid crystals on a torus.},
  author={Antonio Segatti and Michael Snarski and Marco Veneroni},
  journal={Physical review. E, Statistical, nonlinear, and soft matter physics},
  year={2014},
  volume={90 1},
  pages={
          012501
        }
}

@article{Segatti2014AnalysisOA,
  title={Analysis of a variational model for nematic shells},
  author={Antonio Segatti and Michael Snarski and Marco Veneroni},
  journal={arXiv: Mathematical Physics},
  year={2014}
}

@article{Bartels2012FiniteEM,
  title={Finite element methods for director fields on flexible surfaces},
  author={S{\"o}ren Bartels and Georg Dolzmann and Ricardo H. Nochetto and Alexander Raisch},
  journal={Interfaces and Free Boundaries},
  year={2012},
  volume={14},
  pages={231-272}
}

@article{Nochetto2015NumericsFL,
  title={Numerics for liquid crystals with variable degree of orientation},
  author={Ricardo H. Nochetto and Shawn W. Walker and Wujun Zhang},
  journal={MRS Proceedings},
  year={2015},
  volume={1753},
  pages={66-71}
}

@article{Nitschke2018NematicLC,
  title={Nematic liquid crystals on curved surfaces: a thin film limit},
  author={Ingo Nitschke and Michael Nestler and Simon Praetorius and Hartmut L{\"o}wen and Axel Voigt},
  journal={Proceedings of the Royal Society A: Mathematical, Physical and Engineering Sciences},
  year={2018},
  volume={474}
}


@article{Nestler2018OrientationalOO,
  title={Orientational Order on Surfaces: The Coupling of Topology, Geometry, and Dynamics},
  author={Michael Nestler and Ingo Nitschke and Simon Praetorius and Axel Voigt},
  journal={Journal of Nonlinear Science},
  year={2018},
  volume={28},
  pages={147-191}
}

@article{Nitschke2019HydrodynamicII,
  title={Hydrodynamic interactions in polar liquid crystals on evolving surfaces},
  author={Ingo Nitschke and Sebastian Reuther and Axel Voigt},
  journal={Physical Review Fluids},
  year={2019}
}

@article{Nestler2019AFE,
  title={A finite element approach for vector- and tensor-valued surface PDEs},
  author={Michael Nestler and Ingo Nitschke and Axel Voigt},
  journal={J. Comput. Phys.},
  year={2019},
  volume={389},
  pages={48-61}
}

@article{Nitschke2020LiquidCO,
  title={Liquid crystals on deformable surfaces},
  author={Ingo Nitschke and Sebastian Reuther and Axel Voigt},
  journal={Proceedings of the Royal Society A},
  year={2020},
  volume={476}
}

%%%%%%%%%%%%%%%%%%%%%%%%%%%%%%%%%%%%%%%%%%%%%%%%%%
% Variation of the domain
@article{Schiffer1954VariationOD,
  title={Variation of domain functionals},
  author={Menahem M. Schiffer},
  journal={Bulletin of the American Mathematical Society},
  year={1954},
  volume={60},
  pages={303-328}
}

@article{Joseph1967ParameterAD,
  title={Parameter and domain dependence of eigenvalues of elliptic partial differential equations},
  author={DanielD. Joseph},
  journal={Archive for Rational Mechanics and Analysis},
  year={1967},
  volume={24},
  pages={325-351}
}

@article{Bogosel2022OnTP,
  title={On the Polygonal Faber-Krahn Inequality},
  author={Beniamin Bogosel and Dorin Bucur},
  journal={ArXiv},
  year={2022},
  volume={abs/2203.16409}
}

@unpublished{bogosel:hal-03607776,
  TITLE = {{Numerical shape optimization among convex sets}},
  AUTHOR = {Bogosel, Beniamin},
  URL = {https://hal.archives-ouvertes.fr/hal-03607776},
  NOTE = {working paper or preprint},
  YEAR = {2022},
  MONTH = Mar,
  KEYWORDS = {Shape optimization ; convex shapes ; numerical simulations ; support function ; gauge function MSC Classifications: 49Q10 ; 52A27},
  PDF = {https://hal.archives-ouvertes.fr/hal-03607776/file/DiscreteConvex.pdf},
  HAL_ID = {hal-03607776},
  HAL_VERSION = {v1},
}

@inproceedings{Henrot2006ExtremumPF,
  title={Extremum Problems for Eigenvalues of Elliptic Operators},
  author={Antoine Henrot},
  year={2006}
}

@article{Savar2002DomainPA,
  title={Domain perturbations and estimates for the solutions of second order elliptic equations},
  author={Giuseppe Savar{\'e} and Giulio Schimperna},
  journal={Journal de Math{\'e}matiques Pures et Appliqu{\'e}es},
  year={2002},
  volume={81},
  pages={1071-1112}
}

@incollection{DANERS20081,
title = {Chapter 1 - Domain Perturbation for Linear and Semi-Linear Boundary Value Problems},
editor = {M. Chipot},
series = {Handbook of Differential Equations: Stationary Partial Differential Equations},
publisher = {North-Holland},
volume = {6},
pages = {1-81},
year = {2008},
booktitle = {Handbook of Differential Equations},
issn = {1874-5733},
doi = {https://doi.org/10.1016/S1874-5733(08)80018-6},
url = {https://www.sciencedirect.com/science/article/pii/S1874573308800186},
author = {Daniel Daners},
keywords = {Elliptic boundary value problem, Domain perturbation, Semilinear equations, A priori estimates, Boundary homogenisation}
}

@article{Lamboley2015EstimatesOF,
  title={Estimates of First and Second Order Shape Derivatives in Nonsmooth Multidimensional Domains and Applications},
  author={Jimmy Lamboley and Arian Novruzi and Michel Pierre},
  journal={Journal of Functional Analysis},
  year={2015},
  volume={270},
  pages={2616-2652}
}


%Lowengrub et al
@article{Torabi2009ANP,
  title={A new phase-field model for strongly anisotropic systems},
  author={Solmaz Torabi and John S. Lowengrub and Axel Voigt and Steven M. Wise},
  journal={Proceedings of the Royal Society A: Mathematical, Physical and Engineering Sciences},
  year={2009},
  volume={465},
  pages={1337 - 1359}
}

%%%%%%%%%%%%%%%%%%%%%%%%%%%%%%%%%%%%%%%%%%%%%%%%%
%Promislow et al

@article{Christlieb2020BenchmarkCO,
  title={Benchmark Computation of Morphological Complexity in the Functionalized Cahn-Hilliard Gradient Flow},
  author={Andrew J. Christlieb and Keith Promislow and Zengqiang Tan and Sulin Wang and Brian T. R. Wetton and Steven M. Wise},
  journal={ArXiv},
  year={2020},
  volume={abs/2006.04784}
}

@article{Christlieb2019CompetitionAC,
  title={Competition and complexity in amphiphilic polymer morphology},
  author={Andrew J. Christlieb and Noa Kraitzman and Keith Promislow},
  journal={Physica D: Nonlinear Phenomena},
  year={2019}
}

@article{Gavish2011CurvatureDF,
  title={Curvature driven flow of bi-layer interfaces},
  author={Nir Gavish and Gurgen Hayrapetyan and Keith Promislow and Li Yang},
  journal={Physica D: Nonlinear Phenomena},
  year={2011},
  volume={240},
  pages={675-693}
}

@article{Dai2019WeakSF,
  title={Weak solutions for the functionalized Cahn–Hilliard equation with degenerate mobility},
  author={Shibin Dai and Qiang Liu and Keith Promislow},
  journal={Applicable Analysis},
  year={2019},
  volume={100},
  pages={1 - 16}
}

@article{Promislow2017ExistenceBA,
  title={Existence, bifurcation, and geometric evolution of quasi-bilayers in the multicomponent functionalized Cahn–Hilliard equation},
  author={Keith Promislow and Qi-liang Wu},
  journal={Journal of Mathematical Biology},
  year={2017},
  volume={75},
  pages={443-489}
}

@article{Dai2015CompetitiveGE,
  title={Competitive Geometric Evolution of Amphiphilic Interfaces},
  author={Shibin Dai and Keith Promislow},
  journal={SIAM J. Math. Anal.},
  year={2015},
  volume={47},
  pages={347-380}
}
@article{Promislow2012CriticalPO,
  title={Critical points of functionalized Lagrangians},
  author={Keith Promislow and Hang Zhang},
  journal={Discrete and Continuous Dynamical Systems},
  year={2012},
  volume={33},
  pages={1231-1246}
}

@article{Dai2022GeometricEO,
  title={Geometric Evolution of Bilayers under the Degenerate Functionalized Cahn–Hilliard Equation},
  author={Shibin Dai and Toai Luong and Xiang Ma},
  journal={Multiscale Modeling \& Simulation},
  year={2022}
}

@article{Dai2020MinimizersFT,
  title={Minimizers for the Cahn-Hilliard Energy Functional under Strong Anchoring Conditions},
  author={Shibin Dai and Bo Li and Toai Luong},
  journal={SIAM J. Appl. Math.},
  year={2020},
  volume={80},
  pages={2299-2317}
}

@article{Dai2013GeometricEO,
  title={Geometric evolution of bilayers under the functionalized Cahn–Hilliard equation},
  author={Shibin Dai and Keith Promislow},
  journal={Proceedings of the Royal Society A: Mathematical, Physical and Engineering Sciences},
  year={2013},
  volume={469}
}

@article{Promislow2022UndulatedBI,
  title={Undulated bilayer interfaces in the planar functionalized Cahn-Hilliard equation},
  author={Keith Promislow and Qi-liang Wu},
  journal={Discrete \& Continuous Dynamical Systems - S},
  year={2022}
}

@article{Choksi2003OnTD,
  title={On the Derivation of a Density Functional Theory for Microphase Separation of Diblock Copolymers},
  author={Rustum Choksi and Xiaofeng Ren},
  journal={Journal of Statistical Physics},
  year={2003},
  volume={113},
  pages={151-176}
}

%%%%%%%%%%%%%%%%%%%%%%%%%%%%%%%%%%%%%%%%%%%%%%%%%%5

%Well-posedness for time-dependent Allen-Cahn, Cahn-Hilliard equation
@article{Benci2019MultipleSF,
  title={Multiple solutions for the Van der Waals–Allen–Cahn–Hilliard equation with a volume constraint},
  author={Vieri Benci and Stefano Nardulli and Paolo Piccione},
  journal={Calculus of Variations and Partial Differential Equations},
  year={2019},
  volume={59},
  pages={1-30}
}

@article{Giorgini2019UniquenessAR,
  title={Uniqueness and Regularity for the Navier-Stokes-Cahn-Hilliard System},
  author={Andrea Giorgini and Alain Miranville and Roger Temam},
  journal={SIAM J. Math. Anal.},
  year={2019},
  volume={51},
  pages={2535-2574}
}

@article{Giorgini2020DiffuseIM,
  title={Diffuse Interface models for incompressible binary fluids and the mass-conserving Allen-Cahn approximation},
  author={Andrea Giorgini and Maurizio Grasselli and Hao-qing Wu},
  journal={arXiv: Analysis of PDEs},
  year={2020}
}

@article{Gal2010AsymptoticBO,
  title={Asymptotic behavior of a Cahn-Hilliard-Navier-Stokes system in 2D},
  author={Ciprian G. Gal and Maurizio Grasselli},
  journal={Annales De L Institut Henri Poincare-analyse Non Lineaire},
  year={2010},
  volume={27},
  pages={401-436}
}

@article{Wu2022WellposednessOA,
  title={Well-posedness of a hydrodynamic phase-field system for functionalized membrane-fluid interaction},
  author={Hao Wu and Yuchen Yang},
  journal={Discrete and Continuous Dynamical Systems - S},
  year={2022}
}

@article{Giorgini2019WellPosednessOA,
  title={Well-Posedness of a Diffuse Interface model for Hele-Shaw Flows},
  author={Andrea Giorgini},
  journal={Journal of Mathematical Fluid Mechanics},
  year={2019}
}

@article{Liu2012StrongSF,
  title={Strong Solutions for a Phase Field Navier–Stokes Vesicle–Fluid Interaction Model},
  author={YuNing Liu and Tak{\'e}o Takahashi and Marius Tucsnak},
  journal={Journal of Mathematical Fluid Mechanics},
  year={2012},
  volume={14},
  pages={177-195}
}

@article{Jiang2017TwophaseIF,
  title={Two-phase incompressible flows with variable density: An energetic variational approach},
  author={Jie Jiang and Yinghua Li and Chun Liu},
  journal={Discrete and Continuous Dynamical Systems},
  year={2017},
  volume={37},
  pages={3243-3284}
}

%References regarding multiplicity of solutions to the Allen-Cahn equation

@article{Trumper2007ExistenceOA,
  title={Existence of a Solution to a Vector-valued Allen-Cahn Equation with a Three Well Potential},
  author={Mariel Saez Trumper},
  journal={Indiana University Mathematics Journal},
  year={2007},
  volume={58},
  pages={213-267}
}


@inproceedings{Alessio2005ENTIRESI,
  title={ENTIRE SOLUTIONS IN R2 FOR A CLASS OF ALLEN-CAHN EQUATIONS},
  author={Francesca G. Alessio and Piero Montecchiari},
  year={2005}
}
%nonuniqueness of solutions in R^2

@article{Byeon2013OnAP,
  title={On a phase transition model},
  author={Jaeyoung Byeon and Paul H. Rabinowitz},
  journal={Calculus of Variations and Partial Differential Equations},
  year={2013},
  volume={47},
  pages={1-23}
}
%nonuniqueness of solutions in R^n

@article{Byeon2014SolutionsOH,
  title={Solutions of higher topological type for an Allen–Cahn model equation},
  author={Jaeyoung Byeon and Paul H. Rabinowitz},
  journal={Journal of Fixed Point Theory and Applications},
  year={2014},
  volume={15},
  pages={379-404}
}
%nonuniqueness of solutions in R^n/Z^n


@article{Bronsard1993OnTB,
  title={On three-phase boundary motion and the singular limit of a vector-valued Ginzburg-Landau equation},
  author={Lia Bronsard and Fernando Reitich},
  journal={Archive for Rational Mechanics and Analysis},
  year={1993},
  volume={124},
  pages={355-379}
}
%We prove short-time existence and uniqueness of solutions for this model, that is, for a system of three-phase boundaries undergoing curvature motion with assigned angle conditions at the meeting point.

%VECTOR VALUED CASES BELOW
@article{Alikakos2008OnAE,
  title={On an elliptic system with symmetric potential possessing two global minima},
  author={Nicholas D. Alikakos and Giorgio Fusco},
  journal={arXiv: Analysis of PDEs},
  year={2008}
}

@article{Alama1997StationaryLS,
  title={Stationary layered solutions in 
$\mathbb{R}^2$ for an Allen–Cahn system with multiple well potential},
  author={Stan Alama and Lia Bronsard and Changfeng Gui},
  journal={Calculus of Variations and Partial Differential Equations},
  year={1997},
  volume={5},
  pages={359-390}
}

@article{cawthorn_balmforth_2010, title={Contact in a viscous fluid. Part 1. A falling wedge}, volume={646}, DOI={10.1017/S0022112009993090}, journal={Journal of \
Fluid Mechanics}, publisher={Cambridge University Press},
author={Cawthorn, C. J. and Balmforth, N. J.}, year={2010}, pages={327–338}}

@book{LAX,
  title={Functional analysis},
  author={Lax, P.D.},
  isbn={9780471556046},
  lccn={01046547},
  series={Pure and applied mathematics},
  year={2002},
  publisher={Wiley}
}

@article{FoFrLe07,
author={Irene Fonseca, Gilles Francfort and Giovanni Leoni},
journal={Quart. Appl. Math.},
issue={65},
year={2007},
pages={69--98}
}

@article{doi:10.1142/S0218202516500470,
author = {Segatti, Antonio and Snarski, Michael and Veneroni, Marco},
title = {Analysis of a variational model for nematic shells},
journal = {Mathematical Models and Methods in Applied Sciences},
volume = {26},
number = {10},
pages = {1865-1918},
year = {2016}}

@article{Golovaty2015DimensionRF,
  title={Dimension Reduction for the Landau-de Gennes Model in Planar Nematic Thin Films},
  author={Dmitry Golovaty and Jos{\'e} Alberto Montero and Peter Sternberg},
  journal={Journal of Nonlinear Science},
  year={2015},
  volume={25},
  pages={1431-1451}
}

@article{Golovaty2017DimensionRF,
  title={Dimension Reduction for the Landau-de Gennes Model on Curved Nematic Thin Films},
  author={Dmitry Golovaty and Jos{\'e} Alberto Montero and Peter Sternberg},
  journal={Journal of Nonlinear Science},
  year={2017},
  volume={27},
  pages={1905-1932}
}

@article{doi:10.1137/130910348,
author = {Calderer, M. C. and DeSimone, A. and Golovaty, D. and Panchenko, A.},
title = {An Effective Model for Nematic Liquid Crystal Composites with Ferromagnetic Inclusions},
journal = {SIAM Journal on Applied Mathematics},
volume = {74},
number = {2},
pages = {237-262},
year = {2014}}

@article{BERLYAND200597,
title = {Homogenization of a Ginzburg–Landau model for a nematic liquid crystal with inclusions},
journal = {Journal de Mathématiques Pures et Appliquées},
volume = {84},
number = {1},
pages = {97-136},
year = {2005},
issn = {0021-7824},
doi = {https://doi.org/10.1016/j.matpur.2004.09.013},
url = {https://www.sciencedirect.com/science/article/pii/S002178240400114X},
author = {L. Berlyand and D. Cioranescu and D. Golovaty}}


@article{doi:10.1137/18M1163919,
author = {Bennett, Thomas P. and D'Alessandro, Giampaolo and Daly, Keith R.},
title = {Multiscale Models of Metallic Particles in Nematic Liquid Crystals},
journal = {SIAM Journal on Applied Mathematics},
volume = {78},
number = {2},
pages = {1228-1255},
year = {2018}}

@article{Canevari2019DesignOE,
  title={Design of effective bulk potentials for nematic liquid crystals via colloidal homogenisation},
  author={Giacomo Canevari and Arghir Dani Zarnescu},
  journal={arXiv: Analysis of PDEs},
  year={2019}
}

@article{Alama2015MinimizersOT,
  title={Minimizers of the Landau–de Gennes Energy Around a Spherical Colloid Particle},
  author={Stan Alama and Lia Bronsard and Xavier Lamy},
  journal={Archive for Rational Mechanics and Analysis},
  year={2015},
  volume={222},
  pages={427-450}
}

@article{Alama2021SaturnRD,
  title={Saturn ring defect around a spherical particle immersed in a nematic liquid crystal},
  author={Stan Alama and Lia Bronsard and Dmitry Golovaty and Xavier Lamy},
  journal={Calculus of Variations and Partial Differential Equations},
  year={2021}
}

@article{PhysRevE.96.042702,
  title = {Topological defects in an unconfined nematic fluid induced by single and double spherical colloidal particles},
  author = {Wang, Yiwei and Zhang, Pingwen and Chen, Jeff Z. Y.},
  journal = {Phys. Rev. E},
  volume = {96},
  issue = {4},
  pages = {042702},
  numpages = {18},
  year = {2017},
  month = {Oct},
  publisher = {American Physical Society}
}
  
@article{doi:10.1098/rsta.2020.0432,
author = {Zarnescu, Arghir },
title = {Mathematical problems of nematic liquid crystals: between dynamical and stationary problems},
journal = {Philosophical Transactions of the Royal Society A: Mathematical, Physical and Engineering Sciences},
volume = {379},
number = {2201},
pages = {20200432},
year = {2021}}

@article{Kaetal03,
title = "Cascades of Transient Pores in Giant Vesicles: Line Tension and Transport",
journal = "Biophys. J.",
volume = "84",
number = "3",
pages = "1734--1749",
year = "2003",
author = "E. Karatekin and O. Sandre and H. Guitouni and N. Borghi and P.-H. Puech and F. Brochard-Wyart"
}

@article{TraversoMichellin2020_PRF,
title={Hydrochemical interactions in dilute phoretic suspensions: From individual particle properties to collective organization},
journal={Phys. Rev. Fluids},
volume={5},
number={},
pages={104203},
year={2020},
author={T. Traverso and S. Michelin},
}

@article{TraversoMichellin2022_JFM,
title={Collective dynamics and rheology of confined phoretic suspensions},
journal={J. Fluid Mech.},
volume={943},
pages={A21-1-A21-33},
year={2022},
author={T. Traverso and S. Michelin},
}

@article{YoungShelleyStein2021_MBE,
title={The many behaviors of deformable active droplets},
journal={Math. Biosci. Eng.},
volume={18},
number={3},
pages={2849-2881},
year={2021},
author={Y.-N. Young and M. J. Shelley and D. B. Stein},
}

@article{Amiri2022_JPhysA,
title={Unifying polar and nematic active matter: emergence and co-existence of half-integer and full-integer topological defects},
journal={J. Phys. A},
volume={55},
number={},
pages={094002},
year={2022},
author={A. Amiri and R. Mueller and A. Doostmohammadi},
}

@article{BrdGSa00,
title = "Transient pores in stretched vesicles: role of leak-out",
journal = "Physica A",
volume = "278",
number = "1-2",
pages = "32--51",
year = "2000",
note = "",
issn = "0378-4371",
author = "F. Brochard-Wyart and P. G. de Gennes and O. Sandre",
}

@article{PoDi10,
title = "A New Method for Measuring Edge Tensions and Stability of Lipid Bilayers: Effect of Membrane Composition",
journal = "Biophys. J.",
volume = "99",
number = "10",
pages = "3264--3273",
year = "2010",
author = "R. Portet and R. Dimova",
}

@Article{Ra73,
  author = 	 {K. B. Ranger},
  title = 	 {The {S}tokes drag for asymmetric flow past a spherical cap},
  journal = 	 {Z. Ang. Math. Phys.},
  year = 	 {1973},
  volume = 	 {24},
  number =       {6},
  pages = 	 {801--809},
}

@article {RyCoEi12,
    AUTHOR = {R. J. Ryham and F. S. Cohen and R. Eisenberg},
     TITLE = {A dynamic model of open vesicles in fluids},
   JOURNAL = {Comm. Math. Sci.},
    VOLUME = {10},
      YEAR = {2012},
    NUMBER = {4},
     PAGES = {1273--1285},
}

@article{Ryham2017OnTV,
  title={On the viscous flows of leak-out and spherical cap natation},
  author={Rolf Ryham},
  journal={Journal of Fluid Mechanics},
  year={2017},
  volume={836},
  pages={502 - 531}
}


@article{chernomordik2008mechanics,
author={Chernomordik, L. V. and M. M. Kozlov},
year={2008},
title={Mechanics of membrane fusion},
journal={Nat. Struct. Mol. Biol.},
issue={15},
pages={675--683}
}

@article{kozlov1982possible,
author={Kozlov, M. M. and V. S. Markin},
year={1983},
title={Possible mechanism of membrane fusion},
journal={Biofizika},
issue={28},
pages={242--247}
}

@article{Kuzmin19062001,
author={Kuzmin, Peter I and Zimmerberg, Joshua and Chizmadzhev, Yuri A and Cohen, Fredric S},
year={2001},
title={A quantitative model for membrane fusion based on low-energy intermediates},
journal={Proc. Natl. Acad. Sci. USA.},
issue={98},
pages={7235--7240}
}
  
@article{markin2002membrane,
author={Markin, V. S. and J. P. Albanesi},
year={2002},
title={Membrane fusion: stalk model revisited},
journal={Biophys. J.},
issue={82},
pages={693--712}
}

@article{qian2012novel,
author={Qian, S. and H. W. Huang},
year={2012},
title={A novel phase of compressed bilayers that models the prestalk
  transition state of membrane fusion},
journal={Biophys. J.},
issue={102},
pages={48--55}
}


@Article{C9SM01983A,
author ="Han, Yucen and Xu, Zirui and Shi, An-Chang and Zhang, Lei",
title  ="Pathways connecting two opposed bilayers with a fusion pore: a molecularly-informed phase field approach",
journal  ="Soft Matter",
year  ="2020",
volume  ="16",
issue  ="2",
pages  ="366-374",
publisher  ="The Royal Society of Chemistry"}

@Article{SmRiMu19,
author ={Smirnova YG, Risselada HJ, M\"uller M},
title={Thermodynamically reversible paths of the first fusion intermediate reveal an important role for membrane anchors of fusion proteins},
journal={Proc Natl Acad Sci USA},
year={2019},
issue={116(7)},
pages={2571--2576}
}

@ARTICLE{2017PNAS..114.1238F,
       author = {{Fran{\c{c}}ois-Martin}, Claire and {Rothman}, James E. and {Pincet}, Frederic},
        title = "{Low energy cost for optimal speed and control of membrane fusion}",
      journal = {Proceedings of the National Academy of Science},
         year = {2017},
        month = {feb},
       volume = {114},
       number = {6},
        pages = {1238-1241},
}

%%%%%%%%%%%%%%%%%%%%%%%%%%%




@book{Virga,
author = {E. Virga},
title = {Variational Theories for liquid crystals},
publisher = {Chapman and Hall London},
place = {New York},
year = {1994},
}

@article{HaKiLi86,
author={Hardt, Robert and Kinderlehrer, David and Lin, Fang-Hua},
title = {Existence and partial regularity of static liquid crystal configurations},
journal = {Communications in Mathematical Physics},
volume = {105},
year = {1986},
number = {4},
pages = {547--570}
}

@book{deGennesProst,
place={Oxford, United Kingdom},
title={The physics of liquid crystals},
publisher={Oxford Science Publications},
author={P.-G. De Gennes and J. Prost},
year={1993}
}

@article{AIHPA_1997__66_4_411_0,
author = {Alouges, F. and Ghidaglia, Jean-Michel},
title = {Minimizing {O}seen-{F}rank energy for nematic liquid crystals: algorithms and numerical results},
journal = {Annales de l'I.H.P. Physique th\'eorique},
pages = {411--447},
publisher = {Gauthier-Villars},
volume = {66},
number = {4},
year = {1997},
zbl = {0911.35007},
mrnumber = {1459514},
language = {en},
url = {http://www.numdam.org/item/AIHPA_1997__66_4_411_0/}
}

@article{WuoEd06,
author = {Wohlert,Jakob and Edholm,Olle},
journal = {The Journal of Chemical Physics},
number = {20},
pages = {204703},
title = {{Dynamics in atomistic simulations of phospholipid membranes:
  Nuclear magnetic resonance relaxation rates and lateral diffusion}},
volume = {125},
year = {2006}
}

@book{Fisher_1993,
place={Cambridge},
title={Statistical Analysis of Circular Data},
publisher={Cambridge University Press},
author={Fisher, N. I.},
year={1993}
}


@book{evans10,
author = {Evans, Lawrence C.},
publisher = {American Mathematical Society},
location = {Providence, R.I.},
title = {Partial Differential Equations},
year = {2010},
}

@article{Huetal19,
author = {Hu, Fang-Fang and Sun, Yu-Wei and Zhu, You-Liang and Huang, Yi-Neng and Li, Zhan-Wei and Sun, Zhao-Yan},
issue = {37},
journal = {Nanoscale},
pages = {17350--17356},
title = {{Enthalpy-driven self-assembly of amphiphilic Janus dendrimers
  into onion-like vesicles: a Janus particle model}},
volume = {11},
year = {2019},
}

@article{CaFaRaVe89,
author = {C Casagrande and P Fabre and E Rapha{\"e}l and M Veyssi{\'{e}}},
number = {3},
pages = {251--255},
journal = {Europhysics Letters},
title = {{{\textquotedblleft}Janus Beads{\textquotedblright}:
  Realization and Behaviour at Water/Oil Interfaces}},
volume = {9},
year = 1989,
}

@article{Taetal13,
author = {Tabor, Rico F. and Wu, Chu and Grieser, Franz and Dagastine, Raymond R. and Chan, Derek Y. C.},
journal = {Journal of Physical Chemistry Letters},
month = {11},
number = {22},
pages = {3872--3877},
title = {{Measurement of the Hydrophobic Force in a Soft Matter System}},
volume = {4},
year = {2013},
}

@article{KaScScNe16,
author = {Kandu{\v c}, Matej and Schlaich, Alexander and Schneck, Emanuel and Netz, Roland R.},
journal = {Langmuir},
month = {09},
number = {35},
pages = {8767--8782},
title = {{Water-Mediated Interactions between Hydrophilic and
  Hydrophobic Surfaces}},
volume = {32},
year = {2016},
}


@article{Gaetal13,
author = {Gao, Wei and Pei, Allen and Feng, Xiaomiao and Hennessy, Camille and Wang, Joseph},
journal = {Journal of American Chemistry Society},
number = {3},
pages = {998--1001},
title = {{Organized Self-Assembly of Janus Micromotors with Hydrophobic
  Hemispheres}},
volume = {135},
year = {2013},
}

@article{HaBr20,
author = {Hamilton, Heather S. C. and Bradley, Laura C.},
issue = {2},
journal = {Polymer Chemistry},
pages = {230--235},
publisher = {The Royal Society of Chemistry},
title = {Probing the morphology evolution of chemically anisotropic colloids prepared by homopolymerization- and copolymerization-induced phase separation},
volume = {11},
year = {2020},
}

@article{McBr21,
author = {McGlasson, Alex and Bradley, Laura C.},
journal = {Small},
pages = {2104926},
year = {2021},
title = {{Investigating Time-Dependent Active Motion of Janus Micromotors
  using Dynamic Light Scattering}},
}


@article{sch_vla_mik2010, 
title={Monolayer slip effects on the dynamics of a lipid bilayer vesicle in a viscous flow}, 
volume={647}, 
journal={Journal of Fluid Mechanics}, 
publisher={Cambridge University Press}, 
author={Schwalbe, Jonathan T. and Vlahovska, Petia M. and Miksis, Michael J.}, 
year={2010}, 
pages={403--419}
}

@article{VLAHOVSKA2009775,
        author = {Petia M. Vlahovska and Thomas Podgorski and Chaouqi Misbah},
        doi = {https://doi.org/10.1016/j.crhy.2009.10.001},
        issn = {1631-0705},
        journal = {Comptes Rendus Physique},
        keywords = {Lipid membrane, Stokes flow, Blood rheology, Membrane lipidique, {\'E}coulement de Stokes, Rh{\'e}ologie du sang},
        note = {Complex and biofluids},
        number = {8},
        pages = {775-789},
        title = {Vesicles and red blood cells in flow: From individual dynamics to rheology},
	volume = {10},
        year = {2009}}

@article{keller_skalak_1982,
title={Motion of a tank-treading ellipsoidal particle in a shear flow},
volume={120}, DOI={10.1017/S0022112082002651},
journal={Journal of Fluid Mechanics}, publisher={Cambridge University Press},
author={Keller, Stuart R. and Skalak, Richard},
year={1982},
pages={27–47}}

@article{Balchunas2019_SM,
author={J. Balchunas and R. A. Cabanas and M. J. Zakhary and T. Gibaud and S. Fraden and P. Sharma and M. F. Hagan and Z. Dogic},
title={Equation of state of colloidal membranes},
journal={Soft Matter},
year={2019},
volume={15},
pages={6791},
}

@article{cou_kao_pod_mis2008,
title = {{Noninertial lateral migration of vesicles in bounded Poiseuille
flow}},
author = {Gwennou Coupier and Badr Kaoui and Thomas Pokgorski and
Chaoqui Misbah},
journal = {Physics of Fluids},
volume = {20},
pages = {111702},
year = {2008}
}

@article{dan_vla_mis2009,
title = {{Vesicles in Poiseuille Flow}},
author = {Gerrit Danker and Petia M.~Vlahovska and Chaouqi Misbah},
journal = {Physical Review Letters},
volume = {102},
pages = {148102},
year = {2009}
}

@article{Kaoui09,
title = {{Why Do Red Blood Cells Have Asymmetric Shapes Even in a
    Symmetric Flow?}},
author = {Kaoui, Badr and Biros, George and Misbah, Chaouqi},
journal = {Physical Review Letters},
volume = {103},
issue = {18},
pages = {188101},
numpages = {4},
year = {2009},
month = {Oct},
publisher = {American Physical Society},
}

@article{denOtter2007,
author={den Otter, W. K. and Shkulipa, S. A.},
title={{Intermonolayer Friction and Surface Shear Viscosity of Lipid
  Bilayer Membranes}},
journal={Biophysical Journal},
year={2007},
month={Jul},
publisher={Elsevier},
volume={93},
number={2},
pages={423-433},
}

@article{chabanon2017,
title = {{Pulsatile Lipid Vesicles under Osmotic Stress}},
author = {Morgan Chabanon and James C.~S.~Ho and Bo Liedberg and Atul
  N.~Parikh and Padmini Rangamani},
journal = {Biophysical Journal},
volume = {112},
pages  = {1682--1691},
year = {2017}
}

@article{Bradley2017,
title = {Janus and patchy colloids at fluid interfaces},
journal = {Current Opinion in Colloid \& Interface Science},
volume = {30},
pages = {25-33},
year = {2017},
issn = {1359-0294},
author = {Laura C. Bradley and Wei-Han Chen and Kathleen J. Stebe and Daeyeon Lee}
}

@article{Mallory2017,
year = {2017},
publisher = {{IOP} Publishing},
volume = {19},
number = {12},
pages = {125014},
author = {S A Mallory and F Alarcon and A Cacciuto and C Valeriani},
title = {{Self-assembly of active amphiphilic Janus particles}},
journal = {New Journal of Physics}
}

@article{Bradley2016,
author = {Bradley, Laura C. and Stebe, Kathleen J. and Lee, Daeyeon},
title = {{Clickable Janus Particles}},
journal = {Journal of the American Chemical Society},
volume = {138},
number = {36},
pages = {11437-11440},
year = {2016}
}

@article{MaGa13,
author = {Martiniano, H. F. M. C. and Galamba, N.},
journal = {Journal of Physical  Chemistry B},
number = {50},
pages = {16188--16195},
title = {{Insights on Hydrogen-Bond Lifetimes in Liquid and Supercooled
  Water}},
volume = {117},
year = {2013},
}

@article{deMeetal21,
author = {De Mel, Judith U. and Gupta, Sudipta and Willner, Lutz and Allgaier, J{\"u}rgen and Stingaciu, Laura R. and Bleuel, Markus and Schneider, Gerald J.},
journal = {Langmuir},
number = {7},
pages = {2362--2375},
title = {{Manipulating Phospholipid Vesicles at the Nanoscale: A
  Transformation from Unilamellar to Multilamellar by an
    n-Alkyl-poly(ethylene oxide)}},
volume = {37},
year = {2021},
}

@article{GoHaKo94,
author = {Gompper, G. and Hauser, M. and Kornyshev, A. A.},
journal = {The Journal of Chemical Physics},
number = {4},
pages = {3378--3389},
title = {{``Confined'' water and hydrophobic attraction as a result of
  metastable coordination, stabilized by hydrophobic surfaces}},
volume = {101},
year = {1994},
}

@article{Ni80,
author = {Ninham, B.  W. },
journal = {Journal of Physical Chemistry},
number = {12},
pages = {1423--1430},
title = {{Long-range vs. short-range forces. The present state of play}},
volume = {84},
year = {1980},
}

@article{Fretal21,
author = {Fran{\c c}ois-Martin, Claire and Bacle, Am{\'e}lie and Rothman, James E. and Fuchs, Patrick F. J. and Pincet, Fr{\'e}d{\'e}ric},
journal = {Frontiers in Molecular Biosciences},
pages = {967},
title = {{Cooperation of Conical and Polyunsaturated Lipids to Regulate
  Initiation and Processing of Membrane Fusion}},
volume = {8},
year = {2021},
}

@article{Aketal17,
author = {Akimov, Sergey A. and Volynsky, Pavel E. and Galimzyanov, Timur R. and Kuzmin, Peter I. and Pavlov, Konstantin V. and Batishchev, Oleg V.},
journal = {Scientific Reports},
number = {1},
pages = {12152},
title = {{Pore formation in lipid membrane I: Continuous reversible
  trajectory from intact bilayer through hydrophobic defect to
    transversal pore}},
volume = {7},
year = {2017},
}

@article{Gletal88,
title = {Reversible electrical breakdown of lipid bilayers: formation and evolution of pores},
journal = {Biochimica et Biophysica Acta (BBA) - Biomembranes},
volume = {940},
number = {2},
pages = {275--287},
year = {1988},
author = {Ralf W. Glaser and Sergei L. Leikin and Leonid V. Chernomordik and Vasili F. Pastushenko and Artjom I. Sokirko},
}

@article{Ch05,
author = {Chandler, David},
journal = {Nature},
number = {7059},
pages = {640--647},
title = {Interfaces and the driving force of hydrophobic assembly},
volume = {437},
year = {2005},
}

@article{deGe76,
author = {{De Gennes, P.G.}},
title = {Conformation of a polymer chain in certain mixed solvents},
journal = {Journal de Physique Lettres},
year = {1976},
volume = {37},
number = {4},
pages = {59--61},
}

@article{ErLjCl89,
author = {Eriksson, Jan Christer and Ljunggren, Stig and Claesson, Per M.},
issue = {3},
journal = {Journal of the Chemical Society{,} Faraday Transactions 2{:}
  Molecular and Chemical Physics},
pages = {163--176},
title = {A phenomenological theory of long-range hydrophobic attraction forces based on a square-gradient variational approach},
volume = {85},
year = {1989},
}

@article{RaDe88,
title = {Interaction of hydrophobized filaments in aqueous electrolyte solutions},
journal = {Colloids and Surfaces},
volume = {30},
number = {2},
pages = {243--251},
year = {1988},
author = {Ya.I. Rabinovich and B.V. Derjaguin},
}

@article{ClCh88,
author = {Claesson, Per M. and Christenson, Hugo K.},
journal = {Journal of Physical Chemistry},
number = {6},
pages = {1650--1655},
title = {Very long range attractive forces between uncharged hydrocarbon and fluorocarbon surfaces in water},
volume = {92},
year = {1988},
}

@book{LANDAULIFSHITZ5,
location={Amsterdam, Netherlands},
title={Statistical Physics},
publisher={Elsevier},
author={Landau, L. D. and Lifshitz, E. M.},
year={2013},
volume={5},
}

@article{Ma77,
author = {S. Mar\v{c}elja},
issue = {2},
journal = {Croatica Chemica Acta},
pages = {347--358},
title = {{Structural Contribution to Solute-Solute Interaction}},
volume = {49},
year = {1977},
}

@article{MaRa76,
author = {S. Mar\v{c}elja and N. Radic},
issue = {1},
journal = {Chemical Physical Letters},
pages = {129--130},
title = {Repulsion of interfaces due to boundary water},
volume = {42},
year = {1976}
}

@article{LeRaPa77,
author = {D. M. LeNeveu and R. P. Rand and V. A. Parsegian and D. Gingell},
issue = {2},
journal = {Biophysical Journal},
pages = {209--230},
title = {Measurement and modification of forces between lecithin bilayers},
volume = {18},
year = {1977}
}

@article{FuQuRyYo22,
title  = {{Two-dimensional Vesicles Hydrodynamics from Hydrophobic
  Attraction Potential}}, 
author = {Fu, Szu-Pei and Quaife, Bryan and Ryham, Rolf and Young,
  Yuan-Nan},
journal = {Journal of Fluid Mechanics},
volume = {941},
year = {2022},
}

@article{C8SM01501E,
author = {Pal, Ankush and Khakhar, D. V.},
issue = {9},
journal = {Soft Matter},
pages = {1979-1987},
publisher = {The Royal Society of Chemistry},
title = {Breakage of vesicles in a simple shear flow},
volume = {15},
year = {2019}
}

@article{Chen2011_Science,
author={Q. Chen and J. K. Whitmer and S. Jiang and S. C. Bae and E. Kuijten and S. Granick},
issue={},
journal={Science},
pages={199-202},
title={{Supracolloidal Reaction Kinetics of Janus Spheres}},
volume={331},
year={2011}
}

@book{Goodwin2009,
location={Chichester, UK},
title={Colloids and Interfaces with Surfactants and Polymers},
publisher={Wiley},
author={J. W. Goodwin},
volume={},
year={2009},
}

@article{BayatiNajafi2016_JCP,
author={P. Bayati and A. Najafi},
journal={Journal of Chemical Physics},
pages={134901},
title={{Dynamics of two interacting active Janus particles}},
volume={144},
year={2016},
}

@article{Mori2018_JFM,
author={Y. Mori and Y.-N. Young},
issue={},
journal={Journal of Fluid Mechanics},
pages={67-130},
title={From electrodiffusion theory to the electrohydrodynamics of leaky dielectrics through the weak electrolyte limit},
volume={855},
year={2018},
}
@article{Brandner2019,
author = {F. Brandner, Astrid and Timr, Stepan and Melchionna, Simone and Derreumaux, Philippe and Baaden, Marc and Sterpone, Fabio},
isbn = {2045-2322},
journal = {Scientific Reports},
number = {1},
pages = {16450},
title = {{Modelling lipid systems in fluid with Lattice Boltzmann
  Molecular Dynamics simulations and hydrodynamics}},
ty = {JOUR},
volume = {9},
year = {2019}
}

@article{PhysRevLett.106.158103,
  title = {{Dynamics of a Compound Vesicle in Shear Flow}},
  author = {Veerapaneni, Shravan K. and Young, Y.-N. and Vlahovska, Petia M. and B\l{}awzdziewicz, Jerzy},
  journal = {Physical Review Letters},
  volume = {106},
  issue = {15},
  pages = {158103},
  numpages = {4},
  year = {2011},
  month = {Apr},
  publisher = {American Physical Society},
}

@article{Roger2006,
author = {R{\"o}ger, Matthias and Sch{\"a}tzle, Reiner},
isbn = {1432-1823},
journal = {Mathematische Zeitschrift},
number = {4},
pages = {675--714},
title = {{On a Modified Conjecture of De Giorgi}},
ty = {JOUR},
volume = {254},
year = {2006}
}

@article{FaizEtAl2019_SoftMatt,
author={H. A. Faizi and S. L Frey and J. Steinkuhler and R. Dimova and P. Vlahovska},
title={Bending rigidity of charged lipid bilayer membranes},
journal={Soft Matter},
volume={15},
pages={6006},
year={2019},
}

@article{Winterhalter1992_JPC,
author={M. Winterhalter and W. Helfrich},
title={{Bending Elasticity of Electrically Charged Bilayers: Coupled
  Monolayers, Neutral Surfaces, and Balancing Stresses}},
journal={Journal of Physical Chemistry},
volume={96},
pages={327--330},
year={1992},
}

@article{DuplantierGoldstein1990_PRL,
author={B. Duplantier and R. E. Goldstein and A.I Pesci and V. Romero-Rochin},
title={{Geometrical and Topological Aspects of Electric Double Layers
  near Curved Surfaces}},
journal={Physical Review Letters},
volume={65},
pages={508},
year={1990},
}

@article{Kralchevsky1996_JCIS,
author={P. A. Kralchevsky and T. D. Gurkov and K. Nagayama},
title={Electric component of the interfacial bending moment and the curvature elastic moduli},
journal={Journal of Colloid and Interface Science},
volume={180},
pages={619--622},
year={1996},
}

@article{May1996_JChemPhys,
author={S. May},
title={Curvature elasticity and thermodynamic stability of electrically charged membranes},
journal={Journal of Chemical Physics},
volume={105},
pages={8314},
year={1996},
}

@article{LoubetEtAl2013_PRE,
author={B. Loubet and P. L. Hansen and M. A. Lomholt},
title={{Electromechanics of a membrane with spatially distributed fixed
  charges: Flexoelectricity and elastic parameters}},
journal={Physical Review E},
volume={88},
pages={062715},
year={2013},
}

@article{YAO2017728,
title = {A numerical method for osmotic water flow and solute diffusion with deformable membrane boundaries in two spatial dimension},
journal = {Journal of Computational Physics},
volume = {350},
pages = {728--746},
year = {2017},
author = {Lingxing Yao and Yoichiro Mori},
}

@book{leal_2007, 
place={Cambridge}, 
series={Cambridge Series in Chemical Engineering}, 
title={Advanced Transport Phenomena: Fluid Mechanics and Convective Transport Processes}, 
publisher={Cambridge University Press}, 
author={Leal, L. Gary}, 
year={2007}, 
collection={Cambridge Series in Chemical Engineering}}

@article{doi:10.1098/rspa.2012.0505,
author = {Dai, Shibin  and Promislow, Keith },
title = {{Geometric evolution of bilayers under the functionalized
  Cahn-Hilliard equation}},
journal = {Proceedings of the Royal Society A: Mathematical, Physical and Engineering Sciences},
volume = {469},
number = {2153},
pages = {20120505},
year = {2013},
}

@article{doi:10.1137/16M1108406,
author = {Kraitzman, Noa and Promislow, Keith},
title = {{Pearling Bifurcations in the Strong Functionalized
  Cahn--Hilliard Free Energy}},
journal = {SIAM Journal on Mathematical Analysis},
volume = {50},
number = {3},
pages = {3395--3426},
year = {2018},
}

@article{doi:10.1137/130941432,
author = {Dai, Shibin and Promislow, Keith},
title = {{Competitive Geometric Evolution of Amphiphilic Interfaces}},
journal = {SIAM Journal on Mathematical Analysis},
volume = {47},
number = {1},
pages = {347--380},
year = {2015},
}

@article{doi:10.1063/5.0009734,
Author = {Cai,Yongqiang and Li,Sirui and Shi,An-Chang},
Journal = {Journal of Chemical Physics},
Number = {24},
Pages = {244121},
Title = {Elastic properties of self-assembled bilayer membranes: Analytic expressions via asymptotic expansion},
Volume = {152},
Year = {2020}}


@article{Luo2019,
author = {Luo, Binbin and Kim, Ahyoung and Smith, John W. and Ou, Zihao and Wu, Zixuan and Kim, Juyeong and Chen, Qian},
id = {Luo2019},
isbn = {2041-1723},
journal = {Nature Communications},
number = {1},
pages = {1815},
title = {{Hierarchical self-assembly of 3D lattices from polydisperse
  anisometric colloids}},
ty = {JOUR},
volume = {10},
year = {2019}
}

@inbook{LiAn-Chang16,
Author = {Li, Weihua and Shi, An-Chang},
Booktitle = {{Self‐Assembling Systems}},
Chapter = {4},
Pages = {85--108},
Publisher = {John Wiley \& Sons, Ltd},
Title = {{Self-Consistent Field Theory of Self-Assembling Multiblock
  Copolymers}},
Year = {2016},
}

@article{wang2019jsc,
Author = {Wang, Shaobo and Jiang, Shidong and Wang, Jing},
Journal = {J. Sci. Comput.},
Number = {2},
Pages = {787--808},
Title = {Fast high-order integral equation methods for solving boundary value problems of two dimensional heat equation in complex geometry},
Volume = {79},
Year = {2019},
}

@article{Sanchez-IglesiasEtAl2012_ACSNano,
author={A. Sanchez-Iglesias and M. Grzelczak and T. Altantzis and B. Goris and J. Perez-Juste and S. Bals and G. Van Tendeloo and S. H. Donaldson Jr. and B. F. Chmelka and J. N. Israelachvili and L. M. M Liz-Marzan},
journal={ACS Nano},
pages={11059--11065},
title={{Hydrophobic Interactions Modulate Self-Assembly of
  Nanoparticles}},
volume={6},
number={12},
year={2012},
}

@article{XieYangLuEtAl2020_COCIS,
author={L. Xie and D. Yang and Q. Lu and H. Zhang and H. Zeng},
journal={Current Opinion Colloid and Interface Scij},
pages={58--69},
title={Role of molecular architecture in the modulation of hydrophobic interactions},
volume={47},
number={},
year={2020},
}

@article{AltantzisEtAl2013_PSC,
author={T. Altanttzis and B. Goris and A. Sanchez-Iglesias and M. Grzelczak and L. M. Liz-Marzan and S. Bals},
journal={Particle Systems and Characterization},
pages={84--88},
title={{Quantitative Structure Determination of Large Three-Dimensional
  Nanoparticle Assemblies}},
volume={30},
number={},
year={2013},
}


@article{KaouiHartingMisbah2011_PRE,
author={B. Kaoui and J. Harting and C. Misbah},
journal={Physical Review E},
pages={066319},
title={{Two-dimensional vesicle dynamics under shear flow: Effect of
  confinement}},
volume={83},
year={2011},
}

@article{NoguchiTakasu2002_BJ,
author={H. Noguchi and M. Takasu},
journal={Biophysical Journal},
pages={299--308},
title={{Adhesion of Nanoparticles to Vesicles: A Brownian Dynamics
  Simulation}},
volume={83},
year={2002},
}

@article{Fe59,
 author = {Herbert Federer},
 journal = {Transactions of the American Mathematical Society},
 number = {3},
 pages = {418--491},
 publisher = {American Mathematical Society},
 title = {{Curvature Measures}},
 volume = {93},
 year = {1959}
}

@article{lai2018acha,
Author = {Lai, Jun and Jiang, Shidong},
Journal = {Appl. Comput. Harmon. Anal.},
Number = {3},
Pages = {645--664},
Title = {Second kind integral equation formulation for the mode
calculation of optical waveguides},
Volume = {44},
Year = {2018},
}

@article{jiang2017cicp,
Author = {Jiang, Shidong and Zhang, Jiwei and Zhang, Qian and Zhang, Zhimin},
Journal = {Commun. Comput. Phys.},
Number = {3},
Pages = {650--678},
Title = {Fast evaluation of the {C}aputo fractional derivative and its applications to fractional diffusion equations},
Volume = {21},
Year = {2017},
}

@article{ben2016tpm,
Author = {Ben-Zvi, Rami and Scher, Harvey and Jiang, Shidong and
Berkowitz, Brian},
Journal = {Transp. Porous Media},
Number = {2},
Pages = {239--263},
Title = {One-dimensional finite element method solution of a class of
  integro-differential equations: application to non-{F}ickian transport
    in disordered media},
Volume = {115},
Year = {2016},
}

@article{jiang2016oe,
Author = {Jiang, Shidong and Lai, Jun},
Journal = {Optics Express},
Number = {22},
Pages = {24872--24882},
Title = {{A Quantitative Study of the Effect of Cladding Thickness on
Modal Confinement Loss in Photonic Waveguides}},
Volume = {24},
Year = {2016},
}

@article{jiang2016jcp,
Author = {Jiang, Shidong and Luo, Li-Shi},
Journal = {J. Comput. Phys.},
Pages = {416--434},
Title = {Analysis and accurate numerical solutions of the integral equation derived from the linearized {BGKW} equation for the steady {C}ouette flow},
Volume = {316},
Year = {2016},
}

@article{bao2015jcp,
Author = {Bao, Weizhu and Jiang, Shidong and Tang, Qinglin and Zhang,
Yong},
Journal = {J. Comput. Phys.},
Pages = {72--89},
Title = {Computing the ground state and dynamics of the nonlinear
{S}chr\"{o}dinger equation with nonlocal interactions via the
nonuniform {FFT}},
Volume = {296},
Year = {2015},
}

@article{greengard2015jcp,
Author = {Greengard, Leslie and Hagstrom, Thomas and Jiang, Shidong},
Journal = {J. Comput. Phys.},
Pages = {98--105},
Title = {Extension of the {L}orenz-{M}ie-{D}ebye method for
electromagnetic scattering to the time-domain},
Volume = {299},
Year = {2015},
}

@article{fu2015pre,
Author = {Fu, Szu-Pei and Young, Y.-N. and Jiang, Shidong},
Journal = {Phys. Rev. E},
Number = {6},
Pages = {063008},
Title = {Efficient {B}rownian dynamics simulation of {DNA} molecules
with hydrodynamics interactions in linear flows},
Volume = {91},
Year = {2015},
}

@article{jiang2015acom,
Author = {Jiang, Shidong and Greengard, Leslie and Wang, Shaobo},
Journal = {Adv. Comput. Math.},
Number = {3},
Pages = {529--551},
Title = {Efficient sum-of-exponentials approximations for the heat kernel and their applications},
Volume = {41},
Year = {2015},
}

@article{Young2014_JFM,
author={Y.-N. Young and S. Veerapaneni and M. J. Miksis},
title={Longwave dynamics of an inextensible planar membrane in an electric field},
journal={Journal of Fluid Mechanics},
volume={751},
pages={406--431},
year={2014},
}

@article{Young2015_PoF,
author={Y.-N. Young and M. J. Miksis},
title={Electrohydrodynamic instability of a capacitive elastic membrane},
journal={Physics of Fluids},
volume={27},
pages={022102},
year={2015},
}

@article{Nganguia2015_CiCP,
author={H Nganguia and Y-N Young and A.T. Layton and W-F Hu and M-C Lai},
title={{An immersed interface method for axisymmetric
  electrohydrodynamic simulations in Stokes flow}},
journal={Communications in Computational Physics},
volume={18},
pages={429--449},
year={2015},
}

@article{Pak2015_PNAS,
author={O. S. Pak and Y.-N. Young and G. R. Marple and S. Veerapaneni and H. A. Stone},
title={Gating of a mechanosensitive channel due to cellular flows},
journal={Proceedings of the National Academy of Sciences},
volume={112},
pages={9822--9827},
year={2015},
}

@article{jiang2017siammms,
Author = {S. Jiang and M. Rachh and Y. Xiang},
Journal = {SIAM J. Multiscle Model. Simul.},
Number = {1},
Pages = {235--253},
Title = {An efficient high order method for dislocation climb in two
dimensions},
Volume = {15},
Year = {2017},
}

@article{jiang2014sisc,
Author = {Jiang, Shidong and Greengard, Leslie and Bao, Weizhu},
Journal = {SIAM J. Sci. Comput.},
Number = {5},
Pages = {B777--B794},
Title = {Fast and accurate evaluation of nonlocal {C}oulomb and
dipole-dipole interactions via the nonuniform {FFT}},
Volume = {36},
Year = {2014},
}

@article{schwalbe_vlahovska_miksis_2010, 
title={Monolayer slip effects on the dynamics of a lipid bilayer vesicle
  in a viscous flow}, 
volume={647}, 
journal={Journal of Fluid Mechanics}, 
publisher={Cambridge University Press}, 
author={Schwalbe, Jonathan T. and Vlahovska, Petia M. and Miksis,
  Michael J.}, 
year={2010}, 
pages={403--419}}


@article{Nganguia2013_PoF,
author={H. Nganguia and Y.-N. Young and P. M. Vlahovska and J.
  Blawzdziewcz and J. Zhang and H. Lin},
title={Equilibrium electro-deformation of a surfactant-laden viscous drop},
journal={Physics of Fluids},
volume={25},
pages={092106},
year={2013},
}

@article{Nganguia2013_PRE,
author={H. Nganguia and Y.-N. Young},
title={Equilibrium electrodeformation of a spheroidal vesicle in an ac electric field},
journal={Physical Review E},
volume={88},
pages={052718},
year={2013},
}

@article{Sharifi-Mood2015,
Author = {Sharifi-Mood, Nima and Liu, Iris B. and Stebe, Kathleen J.},
Journal = {Soft Matter},
Title = {{Curvature capillary migration of microspheres}},
Year = {2015},
}

@article {fmm1,
AUTHOR = {Carrier, J. and Greengard, L. and Rokhlin, V.},
TITLE = {A fast adaptive multipole algorithm for particle simulations},
JOURNAL = {SIAM J. Sci. Statist. Comput.},
VOLUME = {9},
YEAR = {1988},
NUMBER = {4},
PAGES = {669--686},
}

@article {fmm2,
AUTHOR = {Cheng, H. and Greengard, L. and Rokhlin, V.},
TITLE = {A fast adaptive multipole algorithm in three dimensions},
JOURNAL = {J. Comput. Phys.},
VOLUME = {155},
YEAR = {1999},
NUMBER = {2},
PAGES = {468--498},
}

@article {fmm3,
AUTHOR = {Fong, William and Darve, Eric},
TITLE = {The black-box fast multipole method},
JOURNAL = {J. Comput. Phys.},
VOLUME = {228},
YEAR = {2009},
NUMBER = {23},
PAGES = {8712--8725},
}

@article {fmm4,
AUTHOR = {Gimbutas, Zydrunas and Rokhlin, Vladimir},
TITLE = {A generalized fast multipole method for nonoscillatory
kernels},
JOURNAL = {SIAM J. Sci. Comput.},
VOLUME = {24},
YEAR = {2002},
NUMBER = {3},
PAGES = {796--817},
}

@article {fmm5,
AUTHOR = {Greengard, L. and Rokhlin, V.},
TITLE = {A fast algorithm for particle simulations},
JOURNAL = {J. Comput. Phys.},
VOLUME = {73},
YEAR = {1987},
NUMBER = {2},
PAGES = {325--348},
}

@article {fmm6,
title = {{A new version of the Fast Multipole Method for the Laplace
  equation in three dimensions}},
author = {L.~Greengard and V.~Rokhlin},
journal = {Acta Numerica},
volume = {6},
pages = {229--269},
year = {1997}
}

@article {fmm7,
author = {Ying, Lexing and Biros, George and Zorin, Denis},
title = {A kernel-independent adaptive fast multipole algorithm in two
  and three dimensions},
journal = {Journal of Computational Physics},
volume = {196},
year = {2004},
number = {2},
pages = {591--626},
}

@article {fmm8,
AUTHOR = {Zhang, Bo and Huang, Jingfang and Pitsianis, Nikos P. and Sun,
Xiaobai},
TITLE = {A {F}ourier-series-based kernel-independent fast multipole
method},
JOURNAL = {J. Comput. Phys.},
VOLUME = {230},
YEAR = {2011},
NUMBER = {15},
PAGES = {5807--5821},
}

@article{Liu2018,
Author = {Liu, Iris B. and Sharifi-Mood, Nima and Stebe, Kathleen J.},
Eprint = {1710.05258},
Journal = {Annual Review of Condensed Matter Physics},
Title = {{Capillary Assembly of Colloids: Interactions on Planar and Curved Interfaces}},
Year = {2018},
}

@article{Cavallaro2011,
Author = {Cavallaro, Marcello and Botto, Lorenzo and Lewandowski, Eric
P. and Wang, Marisa and Stebe, Kathleen J.},
Journal = {Proceedings of the National Academy of Sciences of the United
States of America},
Title = {{Curvature-driven capillary migration and assembly of rod-like
particles}},
Year = {2011}
}

@article {SilveraBatista1242477,
	author = {Silvera Batista, Carlos A. and Larson, Ronald G. and Kotov, Nicholas A.},
	title = {Nonadditivity of nanoparticle interactions},
	volume = {350},
	number = {6257},
	elocation-id = {1242477},
	year = {2015},
	publisher = {American Association for the Advancement of Science},
	journal = {Science}
}


@article{Agudo-Canalejo2015,
Author = {Agudo-Canalejo, Jaime and Lipowsky, Reinhard},
Journal = {Nano Letters},
Title = {{Adhesive Nanoparticles as Local Probes of Membrane Curvature}},
Year = {2015}
}

@article{Agudo-Canalejo2017,
Author = {Agudo-Canalejo, Jaime and Lipowsky, Reinhard},
Journal = {Soft Matter},
Title = {{Uniform and Janus-like nanoparticles in contact with vesicles:
energy landscapes and curvature-induced forces}},
Year = {2017},
}

@article{Salib2013,
Author = {Salib, Isaac and Yong, Xin and Crabb, Emily J. and Moellers, Nicholas M. and McFarlin, Gerald T. and Kuksenok, Olga and Balazs, Anna C.},
Journal = {ACS Nano},
Title = {{Harnessing fluid-driven vesicles to pick up and drop off janus
particles}},
Year = {2013},
}

@article{Prasad2012,
Author = {Prasad, B. V.Venkataram and Schmid, Michael F.},
Journal = {Advances in Experimental Medicine and Biology},
Title = {{Principles of virus structural organization}},
Year = {2012},
}

@article{Yao2013,
Author = {Yao, Lu and Botto, Lorenzo and Cavallaro, Marcello and Bleier, Blake J. and Garbin, Valeria and Stebe, Kathleen J.},
Journal = {Soft Matter},
Title = {{Near field capillary repulsion}},
Year = {2013},
}

@article{Siontorou2017,
Author = {Siontorou, Christina G. and Nikoleli, Georgia Paraskevi and Nikolelis, Dimitrios P. and Karapetis, Stefanos K.},
Journal = {Membranes},
Number = {3},
Pages = {1--24},
Title = {{Artificial lipid membranes: Past, present, and future}},
Volume = {7},
Year = {2017},
}

@article{torres-sanchez_millan_arroyo_2019, 
title={Modelling fluid deformable surfaces with an emphasis on
  biological interfaces}, 
volume={872}, 
journal={Journal of Fluid Mechanics}, 
publisher={Cambridge University Press}, 
author={Torres-Sánchez, Alejandro and Millán, Daniel and Arroyo,
  Marino}, 
year={2019}, 
pages={218--271}}


@article{Saintillan2018_ARFM,
title={Rheology of active fluids},
volume={50},
journal={Annual Review of Fluid Mechanics},
author={David Saintillan},
year={2018},
pages={563-592},
}

@article{mahapatra_saintillan_rangamani_2020, 
  title={Transport phenomena in fluid films with curvature elasticity}, 
  volume={905}, 
  journal={Journal of Fluid Mechanics}, 
  publisher={Cambridge University Press}, 
  author={Mahapatra, Arijit and Saintillan, David and Rangamani, Padmini}, 
  year={2020}, 
  pages={A8}
}


@article{Steigmann99,
	Author = {Steigmann, D.  J. },
	Journal = {Archive for Rational Mechanics and Analysis},
	Number = {2},
	Pages = {127--152},
	Title = {Fluid Films with Curvature Elasticity},
	Volume = {150},
	Year = {1999},
}



@article{Bico2018,
Author = {Bico, Jos{\'{e}} and Reyssat, {\'{E}}tienne and Roman, Beno{\^{i}}t},
Journal = {Annual Review of Fluid Mechanics},
Number = {1},
Pages = {629--659},
Title = {{Elastocapillarity: When Surface Tension Deforms Elastic Solids}},
Volume = {50},
Year = {2018},
}


@article{VanHonschoten2010,
Author = {{Van Honschoten}, J. W. and Berenschot, J. W. and
Onda{\c r}uhu, T. and Sanders, R. G.P. and Sundaram, J. and
Elwenspoek, M. and Tas, N. R.},
Journal = {Applied Physics Letters},
Title = {{Elastocapillary fabrication of three-dimensional microstructures}},
Year = {2010},
}

@misc{Whitesides2002,
Author = {Whitesides, George M. and Grzybowski, Bartosz},
Booktitle = {Science},
Title = {{Self-assembly at all scales}},
Year = {2002},
}

@article{Jurasek2017,
Author = {Jur{\'{a}}sek, Miroslav and V{\'{a}}cha, Robert},
Journal = {Soft Matter},
Title = {{Self-assembled clusters of patchy rod-like molecules}},
Year = {2017},
}

@inproceedings{Lehle2008,
Author = {Lehle, H. and Noruzifar, E. and Oettel, M.},
Booktitle = {European Physical Journal E},
Eprint = {0801.2851},
Title = {{Ellipsoidal particles at fluid interfaces}},
Year = {2008},
}

@misc{Kumar2013,
Author = {Kumar, Ankit and Park, Bum Jun and Tu, Fuquan and Lee, Daeyeon},
Booktitle = {Soft Matter},
Title = {{Amphiphilic Janus particles at fluid interfaces}},
Year = {2013},
}

@article{Brubaker2016,
Author = {Brubaker, N. D. and Lega, J.},
Journal = {Philosophical Transactions of the Royal Society A: Mathematical, Physical and Engineering Sciences},
Number = {2066},
Title = {{Capillary-induced deformations of a thin elastic sheet}},
Volume = {374},
Year = {2016},
}

@article{Peraud2014,
Archiveprefix = {arXiv},
Author = {P{\'{e}}raud, Jean Philippe and Lauga, Eric},
Eprint = {1403.4499},
Journal = {Physical Review E - Statistical, Nonlinear, and Soft Matter Physics},
Number = {4},
Pages = {1--13},
Title = {{Geometry and wetting of capillary folding}},
Volume = {89},
Year = {2014},
}

@article{Zhang2017,
Author = {Zhang, Jie and Grzybowski, Bartosz A. and Granick, Steve},
Journal = {Langmuir},
Number = {28},
Pages = {6964--6977},
Title = {{Janus Particle Synthesis, Assembly, and Application}},
Volume = {33},
Year = {2017},
}

@article{Pandey2011,
Author = {Pandey, Shivendra and Ewing, Margaret and Kunas, Andrew and Nguyen, Nghi and Gracias, David H. and Menon, Govind},
Journal = {Proceedings of the National Academy of Sciences of the United States of America},
Number = {50},
Pages = {19885--19890},
Title = {{Algorithmic design of self-folding polyhedra}},
Volume = {108},
Year = {2011},
}


@article{Feetzl18,
author = {Feng, Wenqiang and Guan, Zhen and Lowengrub, John and Wang, Cheng and Wise, Steven M. and Chen, Ying},
journal = {Journal of Scientific Computing},
number = {3},
pages = {1938--1967},
title = {{A Uniquely Solvable, Energy Stable Numerical Scheme for the
  Functionalized Cahn--Hilliard Equation and Its Convergence Analysis}},
volume = {76},
year = {2018},
}

@article{C6SM02452A,
	Author = {Liu, Kai and Marple, Gary R. and Allard, Jun and Li, Shuwang and Veerapaneni, Shravan and Lowengrub, John},
	Issue = {19},
	Journal = {Soft Matter},
	Pages = {3521-3531},
	Publisher = {The Royal Society of Chemistry},
	Title = {Dynamics of a multicomponent vesicle in shear flow},
	Volume = {13},
	Year = {2017},
}


@article{Reynolds2019,
Author = {Reynolds, Michael F. and McGill, Kathryn L. and Wang, Maritha A. and Gao, Hui and Mujid, Fauzia and Kang, Kibum and Park, Jiwoong and Miskin, Marc Z. and Cohen, Itai and McEuen, Paul L.},
Journal = {Nano Letters},
Number = {9},
Pages = {6221--6226},
Publisher = {American Chemical Society},
Title = {{Capillary Origami with Atomically Thin Membranes}},
Volume = {19},
Year = {2019},
}

@article{CASPAR1962,
Author = {Caspar, D. L. and Klug, A.},
Journal = {Cold Spring Harbor symposia on quantitative biology},
Title = {{Physical principles in the construction of regular viruses.}},
Year = {1962},
}

@article{Atilgan2007,
Author = {Atilgan, Erdi{\c n} and Sun, Sean X.},
Journal = {Journal of Chemical Physics},
Title = {{Shape transitions in lipid membranes and protein mediated vesicle fusion and fission}},
Year = {2007},
}

@article{Weikl2002,
Archiveprefix = {arXiv},
Author = {Weikl, Thomas R.},
Eprint = {0210494},
Journal = {Physical Review E - Statistical Physics, Plasmas, Fluids, and Related Interdisciplinary Topics},
Primaryclass = {cond-mat},
Title = {{Dynamic phase separation of fluid membranes with rigid inclusions}},
Year = {2002},
}

@article{Auth2009,
Author = {Auth, Thorsten and Gompper, Gerhard},
Journal = {Physical Review E - Statistical, Nonlinear, and Soft Matter Physics},
Title = {{Budding and vesiculation induced by conical membrane inclusions}},
Year = {2009},
}

@article{Deserno2004,
Author = {Deserno, Markus},
Eprint = {0303656},
Journal = {Physical Review E - Statistical, Nonlinear, and Soft Matter Physics},
Primaryclass = {cond-mat},
Title = {{Elastic deformation of a fluid membrane upon colloid binding}},
Year = {2004},
}

@article{Araujo2018,
Archiveprefix = {arXiv},
Author = {Ara{\'{u}}jo, N. A.M. and {Da Costa}, R. A. and Dorogovtsev, S. N. and Mendes, J. F.F.},
Eprint = {1710.00852},
Journal = {Physical Review Letters},
Number = {18},
Title = {{Finding the Optimal Nets for Self-Folding Kirigami}},
Volume = {120},
Year = {2018},
}

@article{Finken2008,
	author = {Finken, R. and Lamura, A. and Seifert, U. and Gompper, G.},
	id = {Finken2008},
	isbn = {1292-895X},
	journal = {The European Physical Journal E},
	number = {3},
	pages = {309--321},
	title = {Two-dimensional fluctuating vesicles in linear shear flow},
	ty = {JOUR},
	volume = {25},
	year = {2008}
}

@article{Shaqfeh11,
title={The dynamics of a vesicle in simple shear flow},
volume={674},
DOI={10.1017/S0022112011000115},
journal={Journal of Fluid Mechanics},
publisher={Cambridge University Press},
author={Zhao, Hong and Shaqfeh, Eric S. G.},
year={2011},
pages={578–604}
}
 

@article{Lau1989,
Author = {Lau, Kit Fun and Dill, Ken A.},
Journal = {Macromolecules},
Title = {{A Lattice Statistical Mechanics Model of the Conformational and Sequence Spaces of Proteins}},
Year = {1989},
}

@article{Dasgupta2017,
Author = {Dasgupta, S. and Auth, T. and Gompper, G.},
Journal = {Journal of Physics Condensed Matter},
Number = {37},
Publisher = {IOP Publishing},
Title = {{Nano- and microparticles at fluid and biological interfaces}},
Volume = {29},
Year = {2017},
}


@article{Cho2010,
Author = {Cho, Jeong Hyun and Azam, Anum and Gracias, David H.},
Journal = {Langmuir},
Number = {21},
Pages = {16534--16539},
Title = {{Three dimensional nanofabrication using surface forces}},
Volume = {26},
Year = {2010},
}

@article{Leong2007,
Author = {Leong, Timothy G. and Lester, Paul A. and Koh, Travis L. and Call, Emma K. and Gracias, David H.},
Journal = {Langmuir},
Number = {17},
Pages = {8747--8751},
Title = {{Surface tension-driven self-folding polyhedra}},
Volume = {23},
Year = {2007},
}

@article{Bao17,
Author = {Y. Bao and A. Donev and B. E. Griffith and D. M. McQueen and C. S. Peskin},
Journal = {J. Comp. Phys.},
Pages = {183--206},
Title = {{An Immersed Boundary method with divergence-free velocity
  interpolation and force spreading}},
Volume = {347},
Year = {2017},
}

@article{Bao18,
Author = {Y. Bao and M. Rachh and E. E. Keaveny and L. Greengard and A. Donev},
Journal = {J. Comp. Phys.},
Pages = {1094--1119},
Title = {{A fluctuating boundary integral method for Brownian
suspensions}},
Volume = {374},
Year = {2018},
}

@article{Yan2019,
Author = {W. Yan and E. Corona and D. Malhotra and S. Veerapaneni and M. Shelley},
Journal = {Journal of Computatational Physics},
volume = {416},
pages = {109524},
Title = {{A scalable computational platform for particulate Stokes
suspensions}},
Year = {2020}}

@article{helsing_2008a,
title={On the evaluation of layer potentials close to their sources},
author={Helsing, J. and Ojala, R.},
journal = {Journal of Computational Physics},
volume={227},
pages={2899--2921},
year={2008},
}

@article {wala2019jcp,
AUTHOR = {Wala, Matt and Kl\"{o}ckner, Andreas},
TITLE = {A fast algorithm for quadrature by expansion in three
dimensions},
JOURNAL = {J. Comput. Phys.},
VOLUME = {388},
YEAR = {2019},
PAGES = {655--689},
}

@article {wala2018jcp,
AUTHOR = {Wala, Matt and Kl\"{o}ckner, Andreas},
TITLE = {A fast algorithm with error bounds for {Q}uadrature by
{E}xpansion},
JOURNAL = {J. Comput. Phys.},
VOLUME = {374},
YEAR = {2018},
PAGES = {135--162},
}

@article{gan2016sisc,
Author = {Gan, Zecheng and Jiang, Shidong and Luijten, Erik and Xu, Zhenli},
Journal = {SIAM J. Sci. Comput.},
Number = {3},
Pages = {B375--B395},
Title = {A hybrid method for systems of closely spaced dielectric spheres and ions},
Volume = {38},
Year = {2016},
}

@article{wala2019arxiv,
title={Optimization of fast algorithms for global quadrature by expansion using target-specific expansions},
journal={Journal of Computational Physics},
publisher={Elsevier BV},
author={Wala, Matt and Kl\"ockner, Andreas},
year={2019},
month={Oct},
pages={108976}
}

@article {af2018sisc,
AUTHOR = {af Klinteberg, Ludvig and Tornberg, Anna-Karin},
TITLE = {Adaptive quadrature by expansion for layer potential
evaluation in two dimensions},
JOURNAL = {SIAM J. Sci. Comput.},
VOLUME = {40},
YEAR = {2018},
NUMBER = {3},
PAGES = {A1225--A1249},
}

@misc{din-hua-mar-tan2021,
title={{Quadrature by Two Expansions: Evaluating Laplace Layer
  Potentials using Complex Polynomial and Plane Wave Expansions}},
author={Lingyun Ding and Jingfang Huang and Jeremy L. Marzuola and
  Zhuochao Tang},
journal = {Journal of Computational Physics},
year={2021},
volume = {428},
pages={109963},
}

@article {qbx2,
AUTHOR = {Epstein, Charles L. and Greengard, Leslie and Kl\"{o}ckner,
Andreas},
TITLE = {On the convergence of local expansions of layer potentials},
JOURNAL = {SIAM J. Numer. Anal.},
VOLUME = {51},
YEAR = {2013},
NUMBER = {5},
PAGES = {2660--2679},
}

@article {abtin2018bit,
AUTHOR = {Rahimian, Abtin and Barnett, Alex and Zorin, Denis},
TITLE = {Ubiquitous evaluation of layer potentials using quadrature by
kernel-independent expansion},
JOURNAL = {BIT},
VOLUME = {58},
YEAR = {2018},
NUMBER = {2},
PAGES = {423--456},
}

@article {klockner2013jcp,
AUTHOR = {Kl\"{o}ckner, Andreas and Barnett, Alexander and Greengard, Leslie
and O'Neil, Michael},
TITLE = {Quadrature by expansion: a new method for the evaluation of
layer potentials},
JOURNAL = {J. Comput. Phys.},
VOLUME = {252},
YEAR = {2013},
PAGES = {332--349},
}

@article {gimbutas2013sisc,
AUTHOR = {Gimbutas, Zydrunas and Veerapaneni, Shravan},
TITLE = {A fast algorithm for spherical grid rotations and its
application to singular quadrature},
JOURNAL = {SIAM J. Sci. Comput.},
VOLUME = {35},
YEAR = {2013},
NUMBER = {6},
PAGES = {A2738--A2751},
}

@article {ggq1,
AUTHOR = {Bremer, James and Gimbutas, Zydrunas and Rokhlin, Vladimir},
TITLE = {A nonlinear optimization procedure for generalized {G}aussian
quadratures},
JOURNAL = {SIAM J. Sci. Comput.},
VOLUME = {32},
YEAR = {2010},
NUMBER = {4},
PAGES = {1761--1788},
}

@article {ggq2,
AUTHOR = {Ma, J. and Rokhlin, V. and Wandzura, S.},
TITLE = {Generalized {G}aussian quadrature rules for systems of
arbitrary functions},
JOURNAL = {SIAM J. Numer. Anal.},
VOLUME = {33},
YEAR = {1996},
NUMBER = {3},
PAGES = {971--996},
}

@article {ggq3,
AUTHOR = {Yarvin, N. and Rokhlin, V.},
TITLE = {Generalized {G}aussian quadratures and singular value
decompositions of integral operators},
JOURNAL = {SIAM J. Sci. Comput.},
VOLUME = {20},
YEAR = {1998},
NUMBER = {2},
PAGES = {699--718},
}

@article {siegel2018jcp,
AUTHOR = {Siegel, Michael and Tornberg, Anna-Karin},
TITLE = {A local target specific quadrature by expansion method for
evaluation of layer potentials in 3{D}},
JOURNAL = {J. Comput. Phys.},
VOLUME = {364},
YEAR = {2018},
PAGES = {365--392},
}

@article {rachh2017jcp,
AUTHOR = {Rachh, Manas and Kl\"{o}ckner, Andreas and O'Neil, Michael},
TITLE = {Fast algorithms for quadrature by expansion {I}: {G}lobally
valid expansions},
JOURNAL = {J. Comput. Phys.},
VOLUME = {345},
YEAR = {2017},
PAGES = {706--731},
}

@article {bremer2013jcp,
AUTHOR = {Bremer, James and Gimbutas, Zydrunas},
TITLE = {On the numerical evaluation of the singular integrals of
scattering theory},
JOURNAL = {J. Comput. Phys.},
VOLUME = {251},
YEAR = {2013},
PAGES = {327--343},
}

@article {bremer2012jcp,
AUTHOR = {Bremer, James and Gimbutas, Zydrunas},
TITLE = {A {N}ystr\"{o}m method for weakly singular integral operators on
surfaces},
JOURNAL = {J. Comput. Phys.},
VOLUME = {231},
YEAR = {2012},
NUMBER = {14},
PAGES = {4885--4903},
}

@article {xiao2010cma,
AUTHOR = {Xiao, Hong and Gimbutas, Zydrunas},
TITLE = {A numerical algorithm for the construction of efficient
quadrature rules in two and higher dimensions},
JOURNAL = {Comput. Math. Appl.},
VOLUME = {59},
YEAR = {2010},
NUMBER = {2},
PAGES = {663--676},
}

@article {gmres,
AUTHOR = {Saad, Youcef and Schultz, Martin H.},
TITLE = {G{MRES}: a generalized minimal residual algorithm for solving
nonsymmetric linear systems},
JOURNAL = {SIAM J. Sci. Statist. Comput.},
VOLUME = {7},
YEAR = {1986},
NUMBER = {3},
PAGES = {856--869},
}

@article {vioreanu2014,
AUTHOR = {Vioreanu, B. and Rokhlin, V.},
TITLE = {Spectra of multiplication operators as a numerical tool},
JOURNAL = {SIAM J. Sci. Comput.},
VOLUME = {36},
YEAR = {2014},
NUMBER = {1},
PAGES = {A267--A288},
}

@article{helsing_integral_2009,
title = {Integral equation methods for elliptic problems with boundary conditions of mixed type},
volume = {228},
number = {23},
journal = {Journal of Computational Physics},
author = {Helsing, Johan},
year = {2009},
pages = {8892--8907},
}

@article{lowengrub_1993,
title={{High-order and efficient methods for the vorticity formulation of
the Euler equations}},
author={Lowengrub, J. and Shelley, M. and Merriman, B.},
journal = {{SIAM} Journal on Scientific Computing},
volume={14},
pages={1107--1142},
year={1993},
}

@techreport{helsing_tutorial_2012,
title={{Solving integral equations on piecewise smooth boundaries
using the RCIP method: a tutorial}},
author={Helsing, Johan},
year=2013,
institution={Lund University}
}

@article{haroldson_1998,
title={{Numerical Calculation of Three-dimensional Interfacial Potential Flows
using the Point Vortex Method}},
author={Haroldsen, D. J. and Meiron, D. I.},
journal = {Communications on Pure and Applied Mathematics},
volume={43},
pages={415--430},
year={1990},
}

@article{goodman_1990,
title={{Convergence of the point vortex method for the 2-D Euler equations}},
author={Goodman, J. and Hou, T. Y. and Lowengrub, J.},
journal = {Communications on Pure and Applied Mathematics},
volume={43},
pages={415--430},
year={1990},
}

@article {beale1,
AUTHOR = {Beale, J. Thomas and Lai, Ming-Chih},
TITLE = {A method for computing nearly singular integrals},
JOURNAL = {SIAM J. Numer. Anal.},
VOLUME = {38},
YEAR = {2001},
NUMBER = {6},
PAGES = {1902--1925},
}

@article {beale2,
author = {Beale, J. Thomas},
title = {Methods for computing singular and nearly singular integrals},
journal = {Journal of Turbulence},
volume = {3},
number = {1},
year = {2002},
pages = {041},
}

@article{ying_2006,
title={{A high-order 3D boundary integral equation solver for elliptic PDEs in smooth domains}},
author={Ying, L. and Biros, G. and Zorin, D.},
journal = {Journal of Computational Physics},
volume={219},
pages={247--275},
year={2006},
}

@book{davis_1984,
title={{Methods of Numerical Integration}},
author={Davis, P. J. and Rabinowitz, P.},
year={1984},
publisher={Academic Press, San Diego}
}

@article{hackbusch_sauter_1994,
title={{On numerical cubatures of nearly singular surface integrals arising in BEM collocation}},
author={Hackbusch, W. and Sauter, S. A.},
journal = {Computing},
volume={52},
number={2},
pages={139--159},
year={1994},
}

@article {fds1,
AUTHOR = {Bremer, James},
TITLE = {A fast direct solver for the integral equations of scattering
theory on planar curves with corners},
JOURNAL = {J. Comput. Phys.},
VOLUME = {231},
YEAR = {2012},
NUMBER = {4},
PAGES = {1879--1899},
}

@article {fds2,
AUTHOR = {Gillman, Adrianna and Young, Patrick M. and Martinsson,
Per-Gunnar},
TITLE = {A direct solver with {$O(N)$} complexity for integral
equations on one-dimensional domains},
JOURNAL = {Front. Math. China},
VOLUME = {7},
YEAR = {2012},
NUMBER = {2},
PAGES = {217--247},
}

@article {fds3,
AUTHOR = {Greengard, Leslie and Gueyffier, Denis and Martinsson,
Per-Gunnar and Rokhlin, Vladimir},
TITLE = {Fast direct solvers for integral equations in complex
three-dimensional domains},
JOURNAL = {Acta Numer.},
VOLUME = {18},
YEAR = {2009},
PAGES = {243--275},
}

@article {fds4,
AUTHOR = {Ho, Kenneth L. and Greengard, Leslie},
TITLE = {A fast direct solver for structured linear systems by
recursive skeletonization},
JOURNAL = {SIAM J. Sci. Comput.},
VOLUME = {34},
YEAR = {2012},
NUMBER = {5},
PAGES = {A2507--A2532},
}

@article {fds5,
AUTHOR = {Kong, Wai Yip and Bremer, James and Rokhlin, Vladimir},
TITLE = {An adaptive fast direct solver for boundary integral equations
in two dimensions},
JOURNAL = {Appl. Comput. Harmon. Anal.},
VOLUME = {31},
YEAR = {2011},
NUMBER = {3},
PAGES = {346--369},
}

@article {fds6,
AUTHOR = {Martinsson, Per-Gunnar},
TITLE = {A fast direct solver for a class of elliptic partial
differential equations},
JOURNAL = {J. Sci. Comput.},
VOLUME = {38},
YEAR = {2009},
NUMBER = {3},
PAGES = {316--330},
}

@article {fds7,
AUTHOR = {Martinsson, P. G. and Rokhlin, V.},
TITLE = {A fast direct solver for boundary integral equations in two
dimensions},
JOURNAL = {J. Comput. Phys.},
VOLUME = {205},
YEAR = {2005},
NUMBER = {1},
PAGES = {1--23},
}

@article {fds8,
AUTHOR = {Martinsson, P. G. and Rokhlin, V.},
TITLE = {A fast direct solver for scattering problems involving
elongated structures},
JOURNAL = {J. Comput. Phys.},
VOLUME = {221},
YEAR = {2007},
NUMBER = {1},
PAGES = {288--302},
}

@article {ho2016cpam2,
AUTHOR = {Ho, Kenneth L. and Ying, Lexing},
TITLE = {Hierarchical interpolative factorization for elliptic
operators: differential equations},
JOURNAL = {Comm. Pure Appl. Math.},
VOLUME = {69},
YEAR = {2016},
NUMBER = {8},
PAGES = {1415--1451},
}

@article {ho2016cpam1,
AUTHOR = {Ho, Kenneth L. and Ying, Lexing},
TITLE = {Hierarchical interpolative factorization for elliptic
operators: integral equations},
JOURNAL = {Comm. Pure Appl. Math.},
VOLUME = {69},
YEAR = {2016},
NUMBER = {7},
PAGES = {1314--1353},
}

@article {minden2016,
AUTHOR = {Minden, Victor and Damle, Anil and Ho, Kenneth L. and Ying,
Lexing},
TITLE = {A technique for updating hierarchical skeletonization-based
factorizations of integral operators},
JOURNAL = {Multiscale Model. Simul.},
VOLUME = {14},
YEAR = {2016},
NUMBER = {1},
PAGES = {42--64},
}

@article {minden2017siammms,
AUTHOR = {Minden, Victor and Ho, Kenneth L. and Damle, Anil and Ying,
Lexing},
TITLE = {A recursive skeletonization factorization based on strong
admissibility},
JOURNAL = {Multiscale Model. Simul.},
VOLUME = {15},
YEAR = {2017},
NUMBER = {2},
PAGES = {768--796},
}

@phdthesis{manasthesis,
Author = {Manas Rachh},
Month = 5,
School = {New York University},
Title = {Integral equation methods for problems in electrostatics, elastostatics and viscous flow},
Year = 2015}

@Article{C9SM00772E,
author ="Faizi, Hammad A. and Frey, Shelli L. and Steinkühler, Jan and Dimova, Rumiana and Vlahovska, Petia M.",
title  ="Bending rigidity of charged lipid bilayer membranes",
journal  ="Soft Matter",
year  ="2019",
volume  ="15",
issue  ="29",
pages  ="6006--6013",
publisher  ="The Royal Society of Chemistry",
}


@article {alpert,
AUTHOR = {Alpert, Bradley K.},
TITLE = {Hybrid {G}auss-trapezoidal quadrature rules},
JOURNAL = {SIAM J. Sci. Comput.},
VOLUME = {20},
YEAR = {1999},
NUMBER = {5},
PAGES = {1551--1584},
}

@article {kapur,
AUTHOR = {Kapur, Sharad and Rokhlin, Vladimir},
TITLE = {High-order corrected trapezoidal quadrature rules for singular
functions},
JOURNAL = {SIAM J. Numer. Anal.},
VOLUME = {34},
YEAR = {1997},
NUMBER = {4},
PAGES = {1331--1356},
}

@article {sidi,
AUTHOR = {Sidi, Avram and Israeli, Moshe},
TITLE = {Quadrature methods for periodic singular and weakly singular
{F}redholm integral equations},
JOURNAL = {J. Sci. Comput.},
VOLUME = {3},
YEAR = {1988},
NUMBER = {2},
PAGES = {201--231},
}

@article{schwab_1992,
title={{On numerical cubatures of singular surface integrals in boundary
  element methods}},
author={Schwab, C. and Wendland, W. L.},
journal = {Numerische Mathematik},
volume={62},
pages={342--369},
year={1992},
}

@article{khayat_2005,
title={{Numerical Evaluation of Singular and Near-Singular Potential
  Integrals}},
author={Khayat, M. A. and Wilton, D. R.},
journal = {IEEE Transactions on Antennas and Propagation},
volume={53},
number={10},
pages={3180--3190},
year={2005},
}

@article {bruno2,
AUTHOR = {Bruno, Oscar P. and Kunyansky, Leonid A.},
TITLE = {Surface scattering in three dimensions: an accelerated
high-order solver},
JOURNAL = {R. Soc. Lond. Proc. Ser. A Math. Phys. Eng. Sci.},
VOLUME = {457},
YEAR = {2001},
NUMBER = {2016},
PAGES = {2921--2934},
}

@article {bruno1,
AUTHOR = {Bruno, Oscar P. and Kunyansky, Leonid A.},
TITLE = {A fast, high-order algorithm for the solution of surface
scattering problems: basic implementation, tests, and
applications},
JOURNAL = {J. Comput. Phys.},
VOLUME = {169},
YEAR = {2001},
NUMBER = {1},
PAGES = {80--110},
}

@article{kress_boundary_1991,
title = {Boundary integral equations in time-harmonic acoustic scattering},
volume = {15},
number = {3–5},
journal = {Mathematical and Computer Modelling},
author = {Kress, Rainer},
year = {1991},
pages = {229--243}
}

@article{jarvenpaa_2003,
title={{Singularity extraction technique for integral equation
methods with higher order basis functions on plane triangles and tetrahedra}},
author={Jarvenpää, S. and Taskinen, M. and Yla-Oijala, P.},
journal = {International Journal for Numerical Methods in Engineering},
volume={58},
pages={1149--1165},
year={2003},
}

@article{graglia_2008,
title={{Machine Precision Evaluation of Singular and Nearly Singular
  Potential Integrals by Use of Gauss Quadrature Formulas for Rational
    Functions}},
author={Graglia, R. D. and Lombardi, G.},
journal = {IEEE Transactions on Antennas and Propagation},
volume={56},
number={4},
pages={981--998},
year={2008},
}

@article {duffy,
AUTHOR = {Duffy, Michael G.},
TITLE = {Quadrature over a pyramid or cube of integrands with a
singularity at a vertex},
JOURNAL = {SIAM J. Numer. Anal.},
VOLUME = {19},
YEAR = {1982},
NUMBER = {6},
PAGES = {1260--1262},
}

@article{SIEGEL20085200,
Author = {David P. Siegel},
Journal = {Biophysical Journal},
Number = {11},
Pages = {5200--5215},
Title = {{The Gaussian Curvature Elastic Energy of Intermediates in
  Membrane Fusion}},
Volume = {95},
Year = {2008},
}

@article{SIEGEL2004366,
Author = {D.P. Siegel and M.M. Kozlov},
Journal = {Biophysical Journal},
Number = {1},
Pages = {366--374},
Title = {{The Gaussian Curvature Elastic Modulus of N-Monomethylated
  Dioleoylphosphatidylethanolamine: Relevance to Membrane Fusion and
    Lipid Phase Behavior}},
Volume = {87},
Year = {2004},
}

@article{RoLi15,
Author = {Rozycki,Bartosz and Lipowsky,Reinhard},
Journal = {Journal of Chemical Physics},
Number = {5},
Pages = {054101},
Title = {{Spontaneous curvature of bilayer membranes from molecular
  simulations: Asymmetric lipid densities and asymmetric adsorption}},
Volume = {142},
Year = {2015},
}

@inbook{Kozlov2007,
Address = {Totowa, NJ},
Author = {Kozlov, Michael M.},
Booktitle = {Methods in Membrane Lipids},
Pages = {355--366},
Publisher = {Humana Press},
Title = {{Determination of Lipid Spontaneous Curvature From X-Ray
  Examinations of Inverted Hexagonal Phases}},
Year = {2007}}

@book{Boal,
Address = {Cambridge, United Kingdom},
Author = {D.~Boal},
Publisher = {Cambridge University Press},
Title = {{Mechanics of the Cell}},
Edition = {Second},
Year = {2012}}

@incollection{Parsegian,
Author = {V.A. Parsegian and R.P. Rand},
Booktitle = {Structure and Dynamics of Membranes},
Editor = {R. Lipowsky and E. Sackmann},
Pages = {643--690},
Publisher = {North-Holland},
Series = {Handbook of Biological Physics},
Title = {{Chapter 13 - Interaction in Membrane Assemblies}},
Volume = {1},
Year = {1995},
}

@article{TerziDeserno17,
Author = {Terzi,M. Mert and Deserno,Markus},
Journal = {Journal of Chemical Physics},
Number = {8},
Pages = {084702},
Title = {Novel tilt-curvature coupling in lipid membranes},
Volume = {147},
Year = {2017},
}

@article{GarciaSaez,
Author = {Garc\'{i}a-S\'{a}ez, Ana J. and Chiantia, Salvatore and Schwille, Petra},
Journal = {Journal of Biological Chemistry},
Number = {46},
Pages = {33537--33544},
Title = {{Effect of Line Tension on the Lateral Organization of Lipid
  Membranes}},
Volume = {282},
Year = {2007},
}

@article{KUZMIN2005,
author = {Peter I. Kuzmin and Sergey A. Akimov and Yuri A. Chizmadzhev
  and Joshua Zimmerberg and Fredric S. Cohen},
journal = {Biophysical Journal},
number = {2},
pages = {1120--1133},
title = {{Line Tension and Interaction Energies of Membrane Rafts
  Calculated from Lipid Splay and Tilt}},
volume = {88},
year = {2005}
}

@article{PhysRevE.102.042406,
  title = {{Additional contributions to elastic energy of lipid
    membranes: Tilt-curvature coupling and curvature gradient}},
  author = {Pinigin, Konstantin V. and Kuzmin, Peter I. and Akimov, Sergey A. and Galimzyanov, Timur R.},
  journal = {Physical Review E},
  volume = {102},
  issue = {4},
  pages = {042406},
  year = {2020},
  month = {Oct},
  publisher = {American Physical Society},
}


@article{LeVeWa14,
Author = {Levine, Zachary A. and Venable, Richard M. and Watson, Max C. and Lerner, Michael G. and Shea, Joan-Emma and Pastor, Richard W. and Brown, Frank L. H.},
Journal = {Journal of the American Chemical Society},
Number = {39},
Pages = {13582--13585},
Title = {{Determination of Biomembrane Bending Moduli in Fully Atomistic
  Simulations}},
Volume = {136},
Year = {2014},
}

@article{Nagle17,
author = {J.~F.~Nagle},
journal = {Chemistry and Physics of Lipids},
pages = {18--24},
title = {Experimentally determined tilt and bending moduli of
  single-component lipid bilayers},
volume = {205},
year = {2017}
}

@article{Nagle17-2,
author = {J.~F.~Nagle},
journal = {European Pharmaceutical Journal},
number = {2},
pages = {22--23},
title = {Mechanical properties of lipid bilayers},
volume = {64},
year = {2017}
}

@article{NAGLE2000159,
Author = {John F. Nagle and Stephanie Tristram-Nagle},
Journal = {Biochimica et Biophysica Acta (BBA) - Reviews on Biomembranes},
Number = {3},
Pages = {159--195},
Title = {Structure of lipid bilayers},
Volume = {1469},
Year = {2000},
}

@article{C3SM51829A,
Author = {Kollmitzer, Benjamin and Heftberger, Peter and Rappolt, Michael and Pabst, Georg},
Issue = {45},
Journal = {Soft Matter},
Pages = {10877--10884},
Publisher = {The Royal Society of Chemistry},
Title = {Monolayer spontaneous curvature of raft-forming membrane lipids},
Volume = {9},
Year = {2013},
}

@article{Kamal22245,
Author = {Kamal, Marzuk M. and Mills, Deryck and Grzybek, Michal and Howard, Jonathon},
Eprint = {http://www.pnas.org/content/106/52/22245.full.pdf},
Journal = {Proceedings of the National Academy of Sciences},
Number = {52},
Pages = {22245--22250},
Publisher = {National Academy of Sciences},
Title = {Measurement of the membrane curvature preference of phospholipids reveals only weak coupling between lipid shape and leaflet curvature},
Volume = {106},
Year = {2009},
}

@article{REYESMATEO1995978,
Author = {C. Reyes Mateo and A. Ulises Acu\~na and J.C. Brochon},
Journal = {Biophysical Journal},
Number = {3},
Pages = {978--987},
Title = {Liquid-crystalline phases of cholesterol/lipid bilayers as revealed by the fluorescence of trans-parinaric acid},
Volume = {68},
Year = {1995},
}

@article{Rangamani20140463,
Author = {Rangamani, P. and Steigmann, D. J.},
Eprint = {http://rspa.royalsocietypublishing.org/content/470/2172/20140463.full.pdf},
Journal = {Proceedings of the Royal Society of London A: Mathematical, Physical and Engineering Sciences},
Number = {2172},
Publisher = {The Royal Society},
Title = {Variable tilt on lipid membranes},
Volume = {470},
Year = {2014},
}

@article{VeBrPa15,
Author = {Richard M. Venable and Frank L.H. Brown and Richard W. Pastor},
Journal = {Chemistry and Physics of Lipids},
Note = {ORNL workshop on Biomembranes},
Pages = {60--74},
Title = {Mechanical properties of lipid bilayers from molecular dynamics simulation},
Volume = {192},
Year = {2015},
}

@article{Naetal15,
Author = {John F. Nagle and Michael S. Jablin and Stephanie Tristram-Nagle and Kiyotaka Akabori},
Journal = {Chemistry and Physics of Lipids},
Note = {Membrane mechanochemistry: From the molecular to the cellular scale},
Pages = {3--10},
Title = {What are the true values of the bending modulus of simple lipid bilayers?},
Volume = {185},
Year = {2015},
}

@article{Fu2017,
Author = {Fu, S. P. and Peng, Z. and Yuan, H. and Kfoury, R. and Young, Y. N.},
Journal = {Computer Physics Communications},
Pages = {193--203},
Title = {{Lennard-Jones type pair-potential method for coarse-grained lipid bilayer membrane simulations in LAMMPS}},
Volume = {210},
Year = {2017},
}

@article{Petelska2012,
Author = {Petelska, Aneta D.},
Journal = {Central European Journal of Chemistry},
Month = {Feb},
Number = {1},
Pages = {16--26},
Title = {Interfacial tension of bilayer lipid membranes},
Volume = {10},
Year = {2012},
}

@article{FrRoPi17,
Author = {Fran{\c c}ois-Martin, Claire and Rothman, James E. and Pincet, Frederic},
Journal = {Proceedings of the National Academy of Sciences},
Publisher = {National Academy of Sciences},
Title = {Low energy cost for optimal speed and control of membrane fusion},
Year = {2017},
}

@inbook{FriedSeguin15,
Author = {B. Seguin and E. Fried},
Booktitle = {{Differential Geometry and Continuum Mechanics}},
Pages = {647--665},
Publisher = {Springer Proceedings in Mathematics \& Statistics},
Title = {{Microphysical derivation of the {C}anham--{H}elfrich
  free-energy density}},
Volume = {137},
Year = {2015}}

@article{Seguin2014,
author = {Seguin, Brian and Fried, Eliot},
id = {Seguin2014},
isbn = {1432-1416},
journal = {Journal of Mathematical Biology},
number = {3},
pages = {647--665},
title = {{Microphysical derivation of the Canham--Helfrich free-energy
  density}},
volume = {68},
year = {2014}
}

@article{Seguin2012,
author = {Seguin, Brian and Fried, Eliot},
isbn = {1432-0673},
journal = {Archive for Rational Mechanics and Analysis},
number = {3},
pages = {1039--1072},
title = {{Statistical Foundations of Liquid-Crystal Theory. I: Discrete
  Systems of Rod-Like Molecules}},
volume = {206},
year = {2012}
}



@article{Hu13,
Author = {W.-F. Hu and M.-C. Lai},
Journal = {East Asian J. Applied Math.},
Pages = {247--262},
Title = {{Unconditionally Energy Stable Immersed Boundary Method with
  Application to Vesicle Dynamics}},
Volume = {3},
Year = {2013}}

@article{RyWaCo13,
Author = {Ryham, Rolf and Ward, Mark A. and Cohen, Fredric S.},
Issue = {6},
Journal = {Phys. Rev. E},
Month = {Dec},
Pages = {062701},
Publisher = {American Physical Society},
Title = {Teardrop shapes minimize bending energy of fusion pores connecting planar bilayers},
Volume = {88},
Year = {2013},
}

@article{Tran7106,
Author = {Tran, Lisa and Lavrentovich, Maxim O. and Beller, Daniel A. and Li, Ningwei and Stebe, Kathleen J. and Kamien, Randall D.},
Journal = {Proceedings of the National Academy of Sciences},
Number = {26},
Pages = {7106--7111},
Publisher = {National Academy of Sciences},
Title = {Lassoing saddle splay and the geometrical control of topological defects},
Volume = {113},
Year = {2016},
}

@article{KLAUDA20083074,
Author = {Jeffery B. Klauda and Mary F. Roberts and Alfred G. Redfield and Bernard R. Brooks and Richard W. Pastor},
Journal = {Biophysical Journal},
Number = {8},
Pages = {3074--3083},
Title = {{Rotation of Lipids in Membranes: Molecular Dynamics
  Simulation, 31P Spin-Lattice Relaxation, and Rigid-Body Dynamics}},
Volume = {94},
Year = {2008},
}

@article{doi:10.1021/jp075641w,
Author = {Klauda, Jeffery B. and Eldho, Nadukkudy V. and Gawrisch, Klaus and Brooks, Bernard R. and Pastor, Richard W.},
Journal = {Journal of Physical Chemistry B},
Number = {19},
Pages = {5924=-5929},
Title = {{Collective and Noncollective Models of NMR Relaxation in Lipid
  Vesicles and Multilayers}},
Volume = {112},
Year = {2008}}

@article{Hamm2000,
Author = {Hamm, M. and Kozlov, M.M.},
Journal = {The European Physical Journal E},
Month = {Dec},
Number = {4},
Pages = {323--335},
Title = {Elastic energy of tilt and bending of fluid membranes},
Volume = {3},
Year = {2000},
}

@article{FrEsAkSh15,
Author = {Frolov, V.A. and Escalada, A. and Akimov, S.A. and Shnyrova, A.V.},
Title = {Geometry of membrane fission},
Journal = {Chemistry and Physics of Lipids},
Year = {2015},
Volume = {185},
Pages = {129-140},
}

@article{Maetal15,
Author = {Mattila, J. and Shnyrova, A. and Sundborger, A. and
Hortelano, E. R. and
Fuhrmans, M. and
Neumann, S. and
M\"uller, M. and
Hinshaw, J. E.
and Schmid, S. L.
and Frolov, V. A.},
Title = {A hemi-fission intermediate links two mechanistically distinct stages of membrane fission},
Journal = {Nature},
Volume = {524},
Pages = {109–113},
Year = {2015},
}

@article{PhysRevE.79.031926,
  title = {{Phase-field modeling of the dynamics of multicomponent
    vesicles: Spinodal decomposition, coarsening, budding, and
      fission}},
  author = {Lowengrub, John S. and R\"atz, Andreas and Voigt, Axel},
  journal = {Physical Review E},
  volume = {79},
  issue = {3},
  pages = {031926},
  year = {2009},
  month = {Mar},
  publisher = {American Physical Society},
}

@article {Kuzmin7235,
author = {Kuzmin, Peter I. and Zimmerberg, Joshua and Chizmadzhev, Yuri A. and Cohen, Fredric S.},
title = {A quantitative model for membrane fusion based on low-energy intermediates},
volume = {98},
number = {13},
pages = {7235--7240},
year = {2001},
publisher = {National Academy of Sciences},
journal = {Proceedings of the National Academy of Sciences}
}


@article{PhysRevLett.113.248102,
Author = {Jablin, M. S. and Akabori, K. and Nagle, J. F.},
Issue = {24},
Journal = {Phys. Rev. Lett.},
Month = {Dec},
Pages = {248102},
Publisher = {American Physical Society},
Title = {{Experimental Support for Tilt-Dependent Theory of Biomembrane
  Mechanics}},
Volume = {113},
Year = {2014},
}

@article{KoNa15,
author = {Kopelevich, Dmitry I. and Nagle, John F.},
title = {Correlation between length and tilt of lipid tails},
journal = {Journal of Chemical Physics},
volume = {143},
number = {15},
pages = {154702},
year = {2015},
}

@article{Helfrich73,
Author = {W. Helfrich},
Journal = {Z. Naturforsch. C},
Number = {11},
Pages = {693--703},
Title = {Elastic properties of lipid bilayers: theory and possible
  experiments},
Volume = {28},
Year = {1973}}

@article{QiangDu09,
Author = {Q. Du and C. Liu and R. Ryham and X. Wang},
Journal = {Physica D},
Pages = {923--930},
Title = {Energetic variational approaches in modeling vesicle and fluid
  interactions},
Volume = {238},
Year = {2009}}

@article{QiangDu08,
Author = {Q. Du and J. Zhang},
Journal = {SIAM J. Sci. Comput.},
Number = {3},
Pages = {1634--1657},
Title = {{Adaptive Finite Element Method for a Phase Field Bending
  Elasticity Model of Vesicle Membrane Deformations}},
Volume = {30},
Year = {2008}}

@article{Lowengrub13,
Author = {F. Hauer and W. Marth and S. Li and J. Lowengrub and A. Ratz and A. Voigt},
Journal = {Int. J. Biomath. Biostat.},
Number = {1},
Pages = {19--48},
Title = {Thermodynamically consistent models for two component
  vesicles},
Volume = {2},
Year = {2013}}

@article{KimLai2010_JCP,
author={Y. Kim and M.-C. Lai},
title={Simulating the dynamics of inextensible vesicles by the penalty
  immersed boundary method},
journal={Journal of Computational Physics},
volume={292},
pages={4840--4853},
year={2010},
}

@article{Hu,
Author = {W.-F. Hu and Y. Kim and M.-C. Lai},
Journal = {J. Comput. Phys.},
Pages = {670--686},
Title = {{An immersed boundary method for simulating the dynamics of
  three-dimensional axisymmetric vesicles in Navier-Stokes flows}},
Volume = {257},
Year = {2014}}

@article{Sinha15,
Author = {Sinha, Kushal and Graham, Michael D.},
Issue = {4},
Journal = {Phys. Rev. E},
Month = {Oct},
Pages = {042710},
Publisher = {American Physical Society},
Title = {Dynamics of a single red blood cell in simple shear flow},
Volume = {92},
Year = {2015},
}


@article{doi:10.1137/15M103844X,
author = {Nochetto, Ricardo H. and Walker, Shawn W. and Zhang, Wujun},
journal = {SIAM Journal on Numerical Analysis},
number = {3},
pages = {1357-1386},
title = {{A Finite Element Method for Nematic Liquid Crystals with
  Variable Degree of Orientation}},
volume = {55},
year = {2017},
}

@article{Bartels,
Author = {Bartels, S\"oren and Dolzmann, Georg and Nochetto, Ricardo H.},
Journal = {ESAIM: M2AN},
Number = 1,
Pages = {1--31},
Title = {A finite element scheme for the evolution of orientational order in fluid membranes},
Volume = 44,
Year = 2010,
}

@article{Gaetal20,
author = {Galimzyanov, Timur and Beaven, Andrew and Kalutskiy, Maxim and Sodt, Alexander and Blank, Paul and Zimmerberg, Joshua and Akimov, Sergey and Batishchev, Oleg},
year = {2020},
month = {02},
pages = {390a},
title = {{Effect of Lipid Structure and Material Properties on the
  Membrane Stability to Pore Formation}},
volume = {118},
journal = {Biophysical Journal},
}

@article{SeLeMaEg17,
Author = {Sezgin, Erdinc and Levental, Ilya and Mayor, Satyajit and Eggeling, Christian},
Year = {2017},
Title = {The mystery of membrane organization: composition, regulation and roles of lipid rafts},
Journal = {Nature Reviews Molecular Cell Biology},
Pages = {361--374},
Volume = {18},
Issue = {6},
}

@article{Pietal20,
Author = {Pinigin, Konstantin V. and Kondrashov, Oleg V. and Jim\'enez-Munguía, Irene and Alexandrova, Veronika V. and  Batishchev, Oleg V. and  Galimzyanov, Timur R. and Akimov, Sergey A.},
Year = {2020},
Title = {Elastic deformations mediate interaction of the raft boundary with membrane inclusions leading to their effective lateral sorting},
Journal = {Scientific Reports},
Volume = {10},
Issue = {4087},
}

@article{Saetal20,
author = {Saitov, Ali and Pluhackova, Krystina and Galimzyanov, Timur and Böckmann, Rainer and Akimov, Sergey and Pohl, Peter},
year = {2020},
month = {02},
pages = {388a},
title = {{Interleaflet Interaction in Phase Separated Asymmetric Lipid
  Bilayers}},
volume = {118},
journal = {Biophysical Journal},
}

@article{Aeffner2012,
Author = {Aeffner, S. and Reusch, T. and Weinhausen, B. and Salditt, T.},
Journal = {Proceedings of the National Academy of Sciences},
Number = {25},
Pages = {E1609--E1618},
Title = {{Energetics of stalk intermediates in membrane fusion are controlled by lipid composition}},
Volume = {109},
Year = {2012},
}

@article{Du05,
Author = {Qiang Du and Chun Liu and Rolf Ryham and Xiaoqiang Wang},
Journal = {Communications on Pure \& Applied Analysis},
Pages = {537},
Title = {Modeling the spontaneous curvature effects in static cell membrane deformations by a phase field formulation},
Volume = {4},
Year = {2005},
}

@article{Modica87,
Author = {Modica, Luciano},
Journal = {Archive for Rational Mechanics and Analysis},
Pages = {123--142},
Title = {The gradient theory of phase transitions and the minimal interface criterion},
Volume = {98},
Issue = {2},
Year = {1987},
}

@article{LuMo89,
Author = {Luckhaus, Stephan and Modica, Luciano},
Journal = {Archive for Rational Mechanics and Analysis},
Pages = {71--83},
Title = {The Gibbs-Thompson relation within the gradient theory of phase transitions},
Volume = {107},
Issue = {1},
Year = {1989},
}

@article{MODICA1987487,
title = "Gradient theory of phase transitions with boundary contact energy",
journal = "Annales de l'Institut Henri Poincare (C) Non Linear Analysis",
volume = "4",
number = "5",
pages = "487--512",
year = "1987",
author = "Luciano Modica",
}

@article{1531-3492_2006_2_357,
title = {{On electro-kinetic fluids: One dimensional configurations}},
journal = {Discrete \& Continuous Dynamical Systems - B},
volume = {6},
number = {2},
pages = {357--371},
year = {2006},
author = {R. Ryham and Chun Liu and Zhi-Qiang Wang},
}

@article{DuEuler,
Author = {Qiang Du and Chun Liu and Rolf Ryham and Xiaoqiang Wang},
Journal = {Communications in Mathematical Sciences},
Pages = {233--242},
Title = {{Diffuse Interface Energies Capturing the Euler Number:
  Relaxation and Renomalization}},
Volume = {5},
Year = {2007}}

@article{0951-7715-18-3-016,
Author = {Qiang Du and Chun Liu and Rolf Ryham and Xiaoqiang Wang},
Journal = {Nonlinearity},
Number = {3},
Pages = {1249},
Title = {{A phase field formulation of the Willmore problem}},
Volume = {18},
Year = {2005},
}

@article{Simon1993,
title   = {Existence of surfaces minimizing the {W}illmore functional},
author  = {Simon, Leon},
journal = {Communications in Analysis and Geometry},
volume  = {1},
issue   = {2},
pages   = {281--326},
year    = {1993}
}

@article{doi:10.1137/18M1195851,
author = {Remond-Tiedrez, Antoine and Tice, Ian},
journal = {SIAM Journal on Mathematical Analysis},
number = {6},
pages = {4894-4952},
title = {{The Viscous Surface Wave Problem with Generalized Surface
  Energies}},
volume = {51},
year = {2019}
}

@article{MaNe2014,
author = {Marques, Fernando C. and Neves, Andr{\'e}},
id = {Marques2014},
isbn = {1869-7135},
journal = {Jahresbericht der Deutschen Mathematiker-Vereinigung},
number = {4},
pages = {201--222},
title = {{The Willmore Conjecture}},
volume = {116},
year = {2014}
}

@article{Riviere2008,
author = {Rivi{\`{e}}re, Tristan},
issn = {00209910},
journal = {Inventiones Mathematicae},
number = {1},
pages = {1--45},
primaryclass = {arXiv:math.AP},
title = {{Analysis aspects of Willmore surfaces}},
volume = {174},
year = {2008}
}

@article{Peng13,
Author = {Z. Peng and X. Li and I. V. Pivkin and M. Dao and G. E. Karniadakis and S. Suresh},
Journal = {PNAS},
Number = {33},
Pages = {13356--13361},
Title = {Lipid bilayer and cytoskeletal interactions in a red blood cell},
Volume = {110},
Year = {2013}}

@article{MikuckiZhou17,
Author = {Mikucki, M. and Zhou, Y.},
Journal = {SIAM Journal on Applied Mathematics},
Number = {5},
Pages = {1587--1605},
Title = {{Curvature-Driven Molecular Flow on Membrane Surface}},
Volume = {77},
Year = {2017},
}

@article{Lowengrub07,
Author = {J. S. Lowengrub and J-J. Xu and A. Voigt},
Journal = {Fluid Dyn. Mater. Proc.},
Pages = {1--19},
Title = {{Surface Phase Separation and Flow in a Simple Model of
  Multicomponent Drops and Vesicles}},
Volume = {3},
Year = {2007}}

@article{HuLaiSeolEtAl2016_JCP,
author={W.-F. Hu and M.-C. Lai and Y. Seol and Y.-N. Young},
title={Vesicle electrohydrodynamic simulations by coupling immersed
  boundary and immersed interface method},
journal={Journal of Computational Physics},
volume={317},
pages={66--81},
year={2016},
}

@article{KimLai2012_PRE,
author={Y. Kim and M.-C. Lai},
title={Numerical study of viscosity and inertial effects on
  tank-treading and tumbling motions of vesicles under shear flow},
journal={Physical Review E},
volume={86},
pages={066321},
year={2012},
}

@article{Shravan09,
Author = {S. K. Veerapaneni and D. Gueyffier and D. Zorin and G. Biros},
Journal = {J. Comput. Phys.},
Number = {7},
Pages = {2334--2353},
Title = {{A boundary integral method for simulating the dynamics of
  inextensible vesicles suspended in a viscous fluid in 2D}},
Volume = {228},
Year = {2009}}

@article{Rahimian15,
Author = {A. Rahimian and S. Veerapaneni and D. Zorin and G. Biros},
Journal = {J. Comput. Phys.},
Pages = {766--786},
Title = {Boundary integral method for the flow of vesicles with
  viscosity contrast in three dimensions},
Volume = {298},
Year = {2015}}

@article{DoyeuxGuyotChabannesEtAl2013_JCAM,
author={V. Doyeux and Y. Guyot and V. Chabannes and C. Prud'homme and M. Ismail},
title={{Simulation of two-fluid flows using a finite element/level set
  method. Application to bubbles and vesicle dynamics}},
journal={Journal of Computational and Applied Mathematics},
volume={246},
pages={251--259},
year={2013},
}


@article{Zgorski2019,
author = {Zgorski, Andrew and Pastor, Richard W. and Lyman, Edward},
title = {Surface Shear Viscosity and Interleaflet Friction from Nonequilibrium Simulations of Lipid Bilayers},
journal = {Journal of Chemical Theory and Computation},
volume = {15},
number = {11},
pages = {6471-6481},
year = {2019}
}

@article{SHKULIPA2005823,
	Author = {S.A. Shkulipa and W.K. {den Otter} and W.J. Briels},
	Journal = {Biophysical Journal},
	Number = {2},
	Pages = {823 - 829},
	Title = {Surface Viscosity, Diffusion, and Intermonolayer Friction: Simulating Sheared Amphiphilic Bilayers},
	Volume = {89},
	Year = {2005},
}

@phdthesis{ShkulipaThesis,
  author       = {Sergey Alfredovich Shkulipa}, 
  title        = {Computer simulations of lipid bilayer dynamics},
  school       = {University of Twente},
  year         = 2007,
  address      = {Drienerlolaan 5, 7522 NB Enschede, Netherlands}
}

@article{323e9a2f0c58487ea82518d7a1f96485,
title = {{Pulsatile Lipid Vesicles under Osmotic Stress}},
author = "Morgan Chabanon and Ho, {James C.S.} and Bo Liedberg and Parikh, {Atul N.} and Padmini Rangamani",
year = "2017",
volume = "112",
pages = "1682--1691",
journal = "Biophysical Journal",
publisher = "Biophysical Society",
number = "8",
}

@article{BibenKassnerMisbah2005_PRE,
author={T. Biben and K. Kassner and C. Misbah},
title={Phase-field approach to three-dimensional vesicle dynamics},
journal={Physical Review E},
volume={72},
pages={041921},
year={2005},
}

@article{DuLiuWang2004_JCP,
author={Q. Du and C. Liu and X. Wang},
title={A phase field approach in the numerical study of the elastic bending energy for vesicle membranes},
journal={Journal of Computational Physics},
volume={198},
pages={450--468},
year={2004},
}

@article{RyKlYaCo16,
Author = {R. J. Ryham and T. S. Klotz and L. Yao and F. S. Cohen},
Journal = {Biophys. J.},
Pages = {1110--1124},
Title = {{Calculating Transition Energy Barriers and Characterizing
  Activation States for Steps of Fusion}},
Volume = {110},
Year = {2016}}


@article{KoKo2002,
Author = {Kozlovsky, Y. and Kozlov, M. M.},
Booktitle = {{Biophysical Journal}},
Date = {2002/02/01},
Journal = {Biophysical Journal},
Month = {2020/11/05},
Number = {2},
Pages = {882--895},
Publisher = {Elsevier},
Title = {{Stalk Model of Membrane Fusion: Solution of Energy
         Crisis}},
Volume = {82},
Year = {2002},
}


@article{Chetal16,
Author = {P. Chlanda and E. Mekhedov and H. Waters and C. L. Schwartz
  and E. R. Fischer and R. J. Ryham and F. S. Cohen and P. S. Blank and
    J. Zimmerberg},
Journal = {Nature: Microbiology},
Pages = {16050},
Title = {The hemifusion structure induced by influenza virus
  haemagglutinin is determined by physical properties of the target
    membranes},
Volume = {1},
Year = {2016}}

@article{Wang2013,
Archiveprefix = {arXiv},
Arxivid = {1212.0449},
Author = {Wang, Yaohong and Sigurdsson, Jon Karl and Brandt, Erik and Atzberger, Paul J.},
Journal = {Physical Review E - Statistical, Nonlinear, and Soft Matter Physics},
Title = {{Dynamic implicit-solvent coarse-grained models of lipid
  bilayer membranes: Fluctuating hydrodynamics thermostat}},
Year = {2013},
}

@article{Brooks2009,
Author = {Brooks, B. R. and Brooks, C. L. and Mackerell, A. D. and Nilsson, L. and Petrella, R. J. and Roux, B. and Won, Y. and Archontis, G. and Bartels, C. and Boresch, S. and Caflisch, A. and Caves, L. and Cui, Q. and Dinner, A. R. and Feig, M. and Fischer, S. and Gao, J. and Hodoscek, M. and Im, W. and Kuczera, K. and Lazaridis, T. and Ma, J. and Ovchinnikov, V. and Paci, E. and Pastor, R. W. and Post, C. B. and Pu, J. Z. and Schaefer, M. and Tidor, B. and Venable, R. M. and Woodcock, H. L. and Wu, X. and Yang, W. and York, D. M. and Karplus, M.},
Journal = {Journal of Computational Chemistry},
Pmid = {19444816},
Title = {{CHARMM: The biomolecular simulation program}},
Year = {2009},
}

@misc{Brannigan2006,
Author = {Brannigan, Grace and Lin, Lawrence C.L. and Brown, Frank L.H.},
Booktitle = {European Biophysics Journal},
Title = {{Implicit solvent simulation models for biomembranes}},
Year = {2006},
}

@article{Farago2003,
Author = {Farago, Oded},
Journal = {Journal of Chemical Physics},
Title = {{``Water-free" computer model for fluid bilayer membranes}},
Year = {2003},
}

@article{Noguchi2001,
Author = {Noguchi, Hiroshi and Takasu, Masako},
Journal = {Physical Review E - Statistical Physics, Plasmas, Fluids, and Related Interdisciplinary Topics},
Number = {4},
Pages = {7},
Title = {{Self-assembly of amphiphiles into vesicles: A Brownian dynamics simulation}},
Volume = {64},
Year = {2001},
}

@article{Grinfeld2010,
Author = {Grinfeld, P.},
Journal = {Journal of Optimization Theory and Applications},
Title = {{Hadamard's Formula Inside and Out}},
Year = {2010},
}

@article{Bandle2015,
Author = {Bandle, Catherine and Wagner, Alfred},
Journal = {Journal of Optimization Theory and Applications},
Month = {Nov},
Number = {2},
Pages = {430--463},
Title = {{Second Domain Variation for Problems with Robin Boundary
  Conditions}},
Volume = {167},
Year = {2015},
}

@article{Lee2018,
Author = {Lee, Chiun Chang and Ryham, Rolf J.},
Journal = {Zeitschrift fur Angewandte Mathematik und Physik},
Title = {{Boundary asymptotics for a non-neutral electrochemistry model with small Debye length}},
Year = {2018},
}

@article{Lin2015,
Author = {Lin, Hongxu and Xie, Feng},
Journal = {Boundary Value Problems},
Title = {{Singularly perturbed second order semilinear boundary value problems with interface conditions}},
Year = {2015},
}

@article{Shibata2004,
Author = {Shibata, T.},
Journal = {Transactions of the American Mathematical Society},
Title = {{The steepest point of the boundary layers of singularly perturbed semilinear elliptic problems}},
Year = {2004},
}

@article{Schiffer1954,
Author = {Schiffer, M.},
Journal = {Bulletin of the American Mathematical Society},
volume = {60},
number = {4},
pages = {303--328},
Title = {{Variation of Domain Functionals}},
Year = {1954},
}

@article{Jonsson2006,
Author = {J{\"{o}}nsson, Malin and Skep{\"{o}}, Marie and Linse, Per},
Journal = {Journal of Physical Chemistry B},
Title = {{Monte Carlo Simulations of the Hydrophobic Effect in Aqueous
  Electrolyte Solutions}},
Year = {2006},
}

@article{Israelachvili1984,
Author = {Israelachvili, J. N. and Pashley, R. M.},
Journal = {Journal of Colloid And Interface Science},
Title = {{Measurement of the hydrophobic interaction between two hydrophobic surfaces in aqueous electrolyte solutions}},
volume = {98},
number = {2},
pages = {500--514},
Year = {1984},
}

@article{Discher2002,
Author = {Discher, Dennis E and Eisenberg, Adi},
Journal = {Science},
Title = {{Materials science: Soft surfaces: Polymer vesicles}},
Year = {2002}}

@article{Varilly2011,
Author = {Varilly, Patrick and Patel, Amish J. and Chandler, David},
Eprint = {1010.5750},
Journal = {Journal of Chemical Physics},
Title = {{An improved coarse-grained model of solvation and the hydrophobic effect}},
Year = {2011},
}

@article{Jackson2016,
	author = {Jackson, Meyer B.},
	journal = {Scientific Reports},
	pages = {6--9},
	title = {{The Hydrophobic Effect in Solute Partitioning and Interfacial Tension}},
	volume = {6},
	year = {2016},
}


@article{Hammer2010,
Author = {Hammer, Malte U. and Anderson, Travers H. and Chaimovich, Aviel and Shell, M. Scott and Israelachvili, Jacob},
Journal = {Faraday Discussions},
Title = {{The search for the hydrophobic force law}},
Year = {2010},
}

@article{Luzar1987,
Author = {Luzar, A. and Bratko, D. and Blum, L.},
Journal = {Journal of Chemical Physics},
Title = {{Monte Carlo simulation of hydrophobic interaction}},
Year = {1987},
}

@article{Menshikov2017,
Author = {Menshikov, L. I. and Menshikov, P. L. and Fedichev, P. O.},
Journal = {Journal of Experimental and Theoretical Physics},
Month = {Dec},
Number = {6},
Pages = {1173--1188},
Title = {{Phenomenological Model of Hydrophobic and Hydrophilic
  Interactions}},
Volume = {125},
Year = {2017},
}

@article{Eriksson1989,
Author = {Eriksson, Jan Christer and Ljunggren, Stig and Claesson, Per M.},
Journal = {Journal of the Chemical Society, Faraday Transactions 2: Molecular and Chemical Physics},
Title = {{A phenomenological theory of long-range hydrophobic attraction forces based on a square-gradient variational approach}},
Year = {1989},
}

@article{Lin2005,
Author = {Lin, Qi and Meyer, Emily E. and Tadmor, Maria and Israelachvili, Jacob N. and Kuhl, Tonya L.},
Journal = {Langmuir},
Number = {1},
Pages = {251--255},
Title = {{Measurement of the long- and short-range hydrophobic attraction between surfactant-coated surfaces}},
Volume = {21},
Year = {2005},
}

@book{Israelachvili1954,
Author = {Israelachvili, Jacob N.},
Booktitle = {Industrial {\&} Engineering Chemistry},
Edition = {3rd},
Pages = {1349--1352},
Publisher = {Academic Press},
Title = {{Intermolecular and Surface Forces}},
Volume = {46},
Year = {1954},
}

@misc{Christenson2001,
Author = {Christenson, Hugo K. and Claesson, Per M.},
journal = {Advances in Colloid and Interface Science},
volume = {91},
number = {3},
pages = {391--436},
Title = {{Direct measurements of the force between hydrophobic surfaces in water}},
Year = {2001},
}

@article{Meyer2006,
Author = {Meyer, Emily E. and Rosenberg, Kenneth J. and Israelachvili,
  Jacob},
journal = {Proceedings of the National Academy of Sciences},
volume = {103},
number = {43},
pages = {15739--15746},
Title = {{Recent progress in understanding hydrophobic interactions}},
Year = {2006},
}

@article{Marcelja1977,
Author = {Mar{\v{c}}elja, Stjepan and Mitchell, D. John and Ninham, Barry W. and Sculley, Michael J.},
Journal = {Journal of the Chemical Society, Faraday Transactions 2: Molecular and Chemical Physics},
volume= {73},
number = {5},
pages = {630--648},
Title = {{Role of solvent structure in solution theory}},
Year = {1977},
}

@article{Lum1999,
Author = {Lum, Ka and Chandler, David and Weeks, John D.},
Journal = {Journal of Physical Chemistry B},
Title = {{Hydrophobicity at small and large length scales}},
Year = {1999},
}

@article{Ducker2016,
Author = {Ducker, William A. and Mastropietro, Dean},
Journal = {Current Opinion in Colloid and Interface Science},
Pages = {51--58},
Publisher = {Elsevier Ltd},
Title = {{Forces between extended hydrophobic solids: Is there a long-range hydrophobic force?}},
Volume = {22},
Year = {2016},
}

@article{Sandre1999,
Author = {Sandre, O. and Gorre-Talini, L. and Ajdari, A. and Prost, J. and Silberzan, P.},
Journal = {Physical Review E - Statistical Physics, Plasmas, Fluids, and Related Interdisciplinary Topics},
Title = {{Moving droplets on asymmetrically structured surfaces}},
Year = {1999},
}

@article{Arenas2019,
Author = {Arenas, Isnardo and Garci{\'{a}}, Edgardo and Fu, Matthew K. and Orlandi, Paolo and Hultmark, Marcus and Leonardi, Stefano},
Eprint = {1812.05674},
Journal = {Journal of Fluid Mechanics},
Number = {July},
Pages = {500--525},
Title = {{Comparison between super-hydrophobic, liquid infused and rough surfaces: A direct numerical simulation study}},
Volume = {869},
Year = {2019},
}

@article{Israelachvili80,
Author = {Israelachvili, J. N. and Mar\v{c}elja, S. and Horn, R. G.},
Journal = {Quarterly Reviews of Biophysics},
Number = {2},
Pages = {121--200},
Publisher = {Cambridge University Press},
Title = {Physical principles of membrane organization},
Volume = {13},
Year = {1980},
}

@article{Lee2014,
Author = {Lee, Hee Young and Shin, Sun Hae Ra and Drews, Aaron M. and Chirsan, Aaron M. and Lewis, Sean A. and Bishop, Kyle J.M.},
Journal = {ACS Nano},
Number = {10},
Pages = {9979--9987},
Title = {{Self-assembly of nanoparticle amphiphiles with adaptive surface chemistry}},
Volume = {8},
Year = {2014},
}

@article{Lee2013,
Author = {Lee, Hee Young and Shin, Sun Hae Ra and Abezgauz, Ludmila L.
  and Lewis, Sean A. and Chirsan, Aaron M. and Danino, Dganit D. and
    Bishop, Kyle J.M.},
Journal = {Journal of the American Chemical Society},
Number = {16},
Pages = {5950--5953},
Title = {{Integration of gold nanoparticles into bilayer structures via adaptive surface chemistry}},
Volume = {135},
Year = {2013},
}

@article{Kabelka2018,
Author = {Kabelka, Ivo and V{\'{a}}cha, Robert},
Journal = {Biophysical Journal},
Number = {6},
Pages = {1045--1054},
Publisher = {Elsevier Inc.},
Title = {{Optimal Hydrophobicity and Reorientation of Amphiphilic Peptides Translocating through Membrane}},
Volume = {115},
Year = {2018},
}

@article{OppenheimerDiamant2009_BJ,
Author = {N. Oppenheimer and H. Diamant},
Journal = {Biophys. J.},
Pages = {3041--3049},
Title = {Correlated diffusion of membrane proteins and their effect on membrane viscosity},
Volume = {96},
Year = {2009},
}

@article{OppenheimerDiamant2011_PRL,
Author = {N. Oppenheimer and H. Diamant},
Journal = {Phys. Rev. Lett.},
Pages = {258102},
Title = {{In-Plane Dynamics of Membranes with Immobile Inclusions}},
Volume = {107},
Year = {2011},
}

@Article{DiCarlo2019,
author={DiCarlo, Antonio},
title={{Continuum Mechanics as a Computable Coarse-Grained Picture of
  Molecular Dynamics}},
journal={Journal of Elasticity},
year={2019},
month={Apr},
volume={135},
number={1},
pages={183--235},
}

@article{RYHAM20112929,
title = {{Aqueous Viscosity Is the Primary Source of Friction in Lipidic
  Pore Dynamics}},
journal = "Biophysical Journal",
volume = "101",
number = "12",
pages = "2929--2938",
year = "2011",
author = "Rolf Ryham and Irina Berezovik and Fredric S. Cohen"
}

@article{Fu2018_SIAM,
Author = {S.-P.~Fu and R.~J.~Ryham and A.~Klockner and M.~Wala and
  S.~Jiang and Y.-N.~Young},
Journal = {SIAM J. Multiscale Modeling},
Title = {Simulation of multiscale hydrophobic lipid dynamics via efficient integral equation methods},
Volume = {18},
number = {1},
pages = {79--103},
Year = {2020}}

@article{ARGUDO20161619,
title = {{Continuum descriptions of membranes and their interaction with
  proteins: Towards chemically accurate models}},
journal = "Biochimica et Biophysica Acta (BBA) - Biomembranes",
volume = "1858",
number = "7, Part B",
pages = "1619--1634",
year = "2016",
author = "David Argudo and Neville P. Bethel and Frank V. Marcoline and Michael Grabe",
}

@Article{C9SM02079A,
author ="Galimzyanov, Timur R. and Bashkirov, Pavel V. and Blank, Paul S. and Zimmerberg, Joshua and Batishchev, Oleg V. and Akimov, Sergey A.",
title  ="Monolayerwise application of linear elasticity theory well describes strongly deformed lipid membranes and the effect of solvent",
journal  ="Soft Matter",
year  ="2020",
volume  ="16",
issue  ="5",
pages  ="1179--1189",
publisher  ="The Royal Society of Chemistry",
}

@article{doi:10.1063/1.2720838,
author = {E, Weinan  and Ren, Weiqing  and Vanden-Eijnden,Eric },
title = {Simplified and improved string method for computing the minimum energy paths in barrier-crossing events},
journal = {Journal of Chemical Physics},
volume = {126},
number = {16},
pages = {164103},
year = {2007},
}

@article{PhysRevLett.117.188102,
  title = {{Exploiting Lipid Permutation Symmetry to Compute Membrane
    Remodeling Free Energies}},
  author = {Bubnis, Greg and Risselada, Herre Jelger and Grubm\"uller, Helmut},
  journal = {Physical Review Letters},
  volume = {117},
  issue = {18},
  pages = {188102},
  year = {2016},
  month = {Oct},
  publisher = {American Physical Society},
}

@article{ANDRIENKO2018520,
Author = {Denis Andrienko},
Journal = {Journal of Molecular Liquids},
Note = {Special Issue Dedicated to the Memory of Professor Y. Reznikov},
Pages = {520--541},
Title = {Introduction to liquid crystals},
Volume = {267},
Year = {2018},
}

@article{MerkelSackmannEvans1989,
Author = {R. Merkel and E. Sackmann and E. Evans},
Journal = {J. Phys. France},
Pages = {1535--1555},
Title = {Molecular friction and epitactic coupling between monolayers in supported bilayers},
Volume = {50},
Year = {1989},
}

@article{StoneAjdari1998_JFM,
Author = {H. A. Stone and A. Ajdari},
Journal = {J. Fluid Mech.},
Pages = {151--173},
Title = {Hydrodynamics of particles embedded in a flatsurfactant layer overlying a subphase of nite depth},
Volume = {369},
Year = {1998},
}

@article{ChKo08,
Author = {Chernomordik, Leonid V. and Kozlov, Michael M.},
Journal = {Nature Structural \& Molecular Biology},
Pages = {675--683},
Title = {Mechanics of membrane fusion},
Volume = {15},
Year = {2008}
}

@misc{Bjorneholm2016,
Author = {Bj{\"{o}}rneholm, Olle and Hansen, Martin H. and
Hodgson, Andrew and Liu, Li Min and Limmer, David T. and
Michaelides, Angelos and Pedevilla, Philipp and Rossmeisl,
Jan and Shen, Huaze and Tocci, Gabriele and Tyrode, Eric and
Walz, Marie Madeleine and Werner, Josephina and Bluhm,
Hendrik},
journal = {Chemical Reviews},
volume = {116},
number = {13},
pages = {7698--7726},
Title = {{Water at Interfaces}},
Year = {2016},
}

@article{tre-wei2014,
title = {{The Exponentially Convergent Trapezoidal Rule}},
author = {Lloyd N.~Trefethen and J.~A.~C.~Weideman},
journal = {SIAM Review},
volume = {56},
number = {3},
pages = {385--458},
year = {2014}
}

@article{ioa-pap-per1991,
title = {{Numerical Evaluations of Analytic Functions by Cauchy's
Theorem}},
author = {N.~I.~Ioakimidis and K.~E.~Papadakis and E.~A.~Perdios},
journal = {BIT Numerical Mathematics},
volume = {31},
number = {2},
pages = {276--285},
year = {1991}
}

@article{bar-wu-vee2015,
title = {{Spectrally-Accurate Quadratures for Evaluation of Layer
  Potentials Close to the Boundary for the 2D Stokes and Laplace
    Equations}},
author = {Alex Barnett and Bowei Wu and Shravan Veerapaneni},
journal = {SIAM Journal on Scientific Computing},
volume = {37},
number = {4},
pages = {B519--B542},
year = {2015},
publisher = {SIAM}
}

@article{bar2014,
title = {{Evaluation of layer potentials close to the boundary for
  Laplace and Helmholtz problems on analytic planar domains}},
author = {Alex H.~Barnett},
journal = {SIAM Journal on Scientific Computing},
volume = {36},
number = {2},
pages = {A427--A451},
year = {2014}
}

@article{chi-moo-qua2020,
title = {Viscous transport in eroding porous media},
author = {Shang-Huan Chiu and M.~N.~J.~Moore and Bryan Quaife},
journal = {Journal of Fluid Mechanics},
volume = {893},
pages = {A3},
year = {2020}
}

@article{cam-ips-kel-mey-xue1996,
title = {{Convergence estimates for solution of integral equations with
  GMRES}},
author = {S.~L.~Campbell and I.~C.~F.~Ipsen and C.~T.~Kelley and
  C.~D.~Meyer and Z.~Q.~Xue},
journal = {Journal of Integral Equations and Applications},
volume = {8},
number = {1},
pages = {19--34},
year = {1996},
}

@article{qua-bir2014,
title = {High-volume fraction simulations of two-dimensional vesicle
  suspensions},
author = {Bryan Quaife and George Biros},
journal = {Journal of Computational Physics},
volume = {274},
pages = {245--267},
year = {2014}
}

@article{qua-bir2016,
title = {{Adaptive time stepping for vesicle simulations}},
author = {Bryan Quaife and George Biros},
journal = {Journal of Computational Physics},
volume = {306},
pages = {478--499},
year = {2016}
}

@article{bys-sha-qua2020,
title = {Stable and contact-free time stepping for dense rigid particle
suspension},
author = {Lukas Bystricky and Sachin Shanbhag and Bryan Quaife},
journal = {International Journal of Numerical Methods in Fluids},
volume = {92},
pages = {94--113},
year = {2020}
}

@article{kro-qua2011,
title = {Fast integral equation methods for the modified {H}elmholtz
  equation},
author = {M.C.~Kropinski and B.D.~Quaife},
journal = {Journal of Computational Physics},
volume = {230},
pages = {425--434},
year = {2011}
}

@phdthesis{qua2011,
title = {{Fast Integral Equation Methods for the Modified Helmholtz
  Equation}},
author = {Bryan Quaife},
school = {Simon Fraser University},
year = {2011}
}

@article{cou-pou-dar2017,
title = {{The Inverse Fast Multipole Method: Using a Fast Approximate
  Diret Solver as a Preconditioner for Dense Linear Systems}},
author = {Pieter Coulier and Hadi Pouransari and Eric Darve},
journal = {SIAM Journal on Scientific Computing},
volume = {39},
number = {3},
pages = {A761--A796},
year = {2017}
}

@article{qua-cou-dar2018,
title = {{An efficient preconditioner for the fast simulation of a 2D
    Stokes flow in porous media}},
author = {Bryan Quaife and Pieter Coulier and Eric Darve},
journal = {International Journal for Numerical Methods in
  Engineering},
volume = {113},
pages = {561--580},
year = {2018},
}

@article{qua-vee-you2019,
title = {Hydrodynamics and rheology of a vesicle doublet suspension},
author = {Bryan Quaife and Shravan Veerapaneni and Y.{-}N.~Young},
journal = {Physical Review Fluids},
volume = {4},
pages = {103601},
year = {2019}
}

@article{kab-qua-bir2017,
title = {Quantification of mixing in vesicle suspensions using
  numerical simulations in two dimensions},
author = {Gokberk Kabacao\u{g}lu and Bryan Quaife and George Biros},
journal = {Physics of Fluids},
volume = {29},
number = {2},
pages = {021901},
year = {2017}
}

@article{che2000,
title = {{An Analysis of Sparse Approximate Inverse Preconditioners for
  Boundary Integral Equations}},
author = {Ke Chen},
journal = {SIAM Journal on Matrix Analysis and Applications},
volume = {22},
number = {4},
pages = {1058--1078},
year = {2000}
}

@phdthesis{sch1982,
title = {{Multiple Grid Methods For Equations of the Second Kind With
  Applications in Fluid Mechanics}},
author = {H.~Schippers},
school = {University of Technology Delft},
year = {1982}
}

@article{hem-sch1981,
title = {Multiple grid methods for the solution of {F}redholm integral
  equations of the second kind},
author = {Hemker, PW and Schippers, H},
journal = {Mathematics of Computation},
volume = {36},
number = {153},
pages = {215--232},
year = {1981}
}

@article{dut-gre-rok2000,
title = {Spectral {D}eferred {C}orrection {M}ethods for {O}rdinary
  {D}ifferential {E}quations},
author = {A.~Dutt and L.~Greengard and V.~Rokhlin},
journal = {BIT Numerical Mathematics},
volume = {40},
number = {2},
pages = {241--266},
year = {2000}
}

@inproceedings{har-pon-sor-zor2011,
title = {{Interference-Aware Geometric Modeling}},
author = {David Harmon and Daniele Panozzo and Olga Sorkine and Denis
  Zorin},
booktitle = {ACM Transactions on Graphics},
volume = {30},
pages = {137},
year = {2011},
organization = {ACM}
}

@article{lu-rah-zor2017,
title = {{Contact-aware simulations of particulate Stokesian
suspensions}},
author = {Libin Lu and Abtin Rahimian and Denis Zorin},
journal = {Journal of Computational Physics},
volume = {347},
pages = {160--182},
year = {2017}
}

@article{rac-gre2016,
title = {Integral equation methods for elastance and mobility problems
  in two dimensions},
author = {Manas Rachh and L.~Greengard},
journal = {SIAM Journal on Numerical Analysis},
volume = {54},
number = {5},
pages = {2889--2909},
year = {2016},
publisher = {SIAM}
}

@article{ong-chr-qua2017,
title = {{A New Family of Regularized Kernels for the Harmonic
  Oscillator}},
author = {Benjamin W.~Ong and Andrew J.~Christlieb and Bryan D.~Quaife},
journal = {Journal of Scientific Computing},
volume = {71},
number = {3},
pages = {1212--1237},
year = {2017}
}

@article{che-bir2021,
title = {{Overlapping Domain Decomposition Preconditioner for Integral
Equations}},
author = {Chao Chen and George Biros},
journal = {arxiv},
volume = {2108.12574},
year = {2021}
}

@article{hyu-bar2014,
title = {Robust fast direct integral equation solver for quasi-periodic
  scattering problems with a large number of layers},
author = {Min Hyung Cho and Alex H.~Barnett},
journal = {Optics Express},
volume = {23},
number = {2},
pages = {1775--1799},
year = {2015}
}

@article{che-cho-cai2018,
title = {{Accurate and Efficient Nystr\"om Volume Integral Equation
  Method for Electromagnetic Scattering of 3-D Metamaterials in Layered
    Media}},
author = {Duan Chen and Min Hyung Cho and Wei Cai},
journal = {SIAM Journal on Scientific Computing},
volume = {40},
number = {1},
pages = {B259--B282},
year = {2018}
}

@article{che-lin-her-qua2022,
title = {{Trapping of Planar Brownian Motion, Full First Passage Time
Distributions by Kinetic Monte-Carlo, Asymptotic and Boundary Integral
Equations}},
author = {Jake Cherry and Alan E.~Lindsay and Adri\'an Navarro
Hern\'andez and Bryan Quaife},
journal = {arxiv},
volume = {2112.06842},
year = {2022},
note = {accepted}
}


@article{abb-far-ezz-ben-mis2021,
title = {Erythrocyte-erythrocyte aggregation dynamics under shear flow},
author = {Mehdi Abbasi and Alexander Farutin and Hamid Ez-Zahraouy and
  Abdelilah Benyoussef and Chaouqi Misbah},
journal = {Physical Review Fluids},
volume = {6},
pages = {023602},
year = {2021}
}

@article{Mugnai2013,
author = {Mugnai, Luca},
journal = {ESAIM: COCV},
number = {3},
pages = {740--753},
title = {{Gamma-convergence results for phase-field approximations of
  the 2D-Euler Elastica Functional}},
volume = {19},
year = {2013}
}

@article{Weady2022_PRF,
title={Thermodynamically consistent coarse-graining of polar active fluids},
author={S. Weady and D. B. Stein and M. J. Shelley},
journal={Phys. Rev. Fluids},
volume={7},
year={2022},
pages={063301},
}

@article{fu-ryh-qua-you2022,
title = {{Effects of Tunable Hydrophobicity on the Collective
Hydrodynamics of Janus Particles under Flows}},
author = {Szu-Pei Fu and Rolf Ryham and Bryan Quaife and Y.-N.~Young},
journal = {arXiv},
volume = {2208.03549},
year = {2022}
}

@article{koh-cor-che-vee2021,
title = {{Fast and accurate solvers for simulating Janus particle
suspensions in Stokes flow}},
author = {Ryan Kohl and Eduardo Corona and Vani Cheruvu and Shravan
Veerapaneni},
journal = {arxiv},
volume = {2104.14068},
year = {2021}
}

@article{dea-qua-bir-jua2018,
title = {{Prediction of velocity distribution from pore structure in
simple porous media}},
author = {Pietro de Anna and Bryan Quaife and George Biros and Ruben
Juanes},
journal = {Physical Review Fluids},
volume = {2},
number = {12},
pages = {124103},
year = {2018},
}

@article{moo-che-chi-qua2022,
title = {How fluid-mechanical erosion creates anisotropic porous media},
author = {Nicholas J.~Moore and Jake Cherry and Shang-Huan Chiu and
Bryan D.~Quaife},
journal = {arxiv},
volume = {2207.02418},
year = {2022}
}

@article{qua-gan-you2021,
title = {{Hydrodynamics of a Semipermeable Vesicle Under Flow and
  Confinement}},
author = {Bryan Quaife and Ashley Gannon and Y.-N.~Young},
journal = {Physical Review Fluids},
volume = {6},
pages = {073601},
year = {2021}
}

@article{car2020,
title = {Layer potential identities and subtraction techniques},
author = {C.~Carvalho},
journal = {arxiv},
volume = {2007.07965},
year = {2020}
}

@article{car2021,
title = {{Modified Representations for the Close Evaluation Problem}},
author = {Camille Carvalho},
journal = {Mathematical and Computational Applications},
volume = {26},
number = {69},
year = {2021}
}

@article{car-kha-kim2018,
title = {{Asymptotic analysis for close evaluation of layer
potentials}},
author = {Camille Carvalho and Shilpa Khatri and Arnold D.~Kim},
journal = {Journal of Computational Physics},
volume = {355},
pages = {327--341},
year = {2018}
}

@article{cor2001,
title = {{The Method of Regularized Stokeslets}},
author = {Ricardo Cortez},
journal = {SIAM Journal on Scientific Computing},
volume = {23},
number = {4},
pages = {1204--1225},
year = {2001}
}

@article{ros-ols2016,
title = {{Kernel-Independent Fast Multipole Method within the framework
  of Regularized Stokeslets}},
author = {Minghao W.~Rostami and Sarah D.~Olson},
journal = {Journal of Fluids and Structures},
volume = {67},
pages = {60--84},
year = {2016}
}

@article{tlu-bea2019,
title = {{Regularized single and double layer integrals in 3D Stokes
flow}},
author = {Svetlana Tlupova and J.~Thomas Beale},
journal = {Journal of Computational Physics},
volume = {386},
pages = {568--584},
year = {2019}
}

@article{cor-vee2018,
title = {{Boundary integral equation analysis for suspension of spheres
  in Stokes flow}},
author = {Eduardo Corona and Shravan Veerapaneni},
journal = {Journal of Computational Physics},
volume = {362},
pages = {327--345},
year = {2018}
}

@article{ste-bar2022,
title = {Quadrature by fundamental solutions: kernel-independent layer
potential evaluation for large collections of simple objects},
author = {David B.~Stein and Alex H.~Barnett},
journal = {Advances in Computational Mathematics},
volume = {48},
number = {5},
pages = {1--46},
year = {2022},
}

@article{klo-bar-gre-one2013,
title = {{Quadrature by expansion: A new method for the evaluation of
  layer potentials}},
author = {Andreas Kl\"{o}ckner and Alexander Barnett and Leslie
  Greengard and Michael O'Neil},
journal = {Journal of Computational Physics},
volume = {252},
pages = {332--349},
year = {2013}
}

@article{rah-vee-zor-bir2015,
title = {Boundary integral method for the flow of vesicles with
  viscosity contrast in three dimensions},
author = {Abtin Rahimian and Shravan K.~Veerapaneni and Denis Zorin and
  George Biros},
journal = {Journal of Computational Physics},
volume = {298},
pages = {766--786},
year = {2015}
}

@article{her-sto-gra2005,
title = {{Transport and Collective Dynamics in Suspensions of
  Confined Swimming Particles}},
author = {Juan P.~Her/'{a}ndez-Ortiz and Juan J.~de Pablo and
  Michael D.~Graham},
volume = {95},
pages = {204501},
year = {2005}
}

@article{fry-leh-tor2018,
title = {{Partition of Unity Extension of Functions on Complex
Domains}},
author = {Fredrik Fryklund and Erik Lehto and Anna–Karin Tornberg},
journal = {Journal of Computational Physics},
volume = {375},
pages = {57--79},
year = {2018}
}

@article{and-zhu-vee2022,
title = {{A fast, high-order scheme for evaluating volume potentials on
  complex 2D geometries via area-to-line integral conversion and domain
    mappings}},
author = {Thomas G.~Anderson and Hai Zhu and Shravan Veerapaneni},
journal = {arxiv},
volume = {2203.05933},
year = {2022}
}

@article{kro-qua2010,
title = {{Fast integral equation methods for Rothe's method applied to
  the isotropic heat equation}},
author = {M.C.~Kropinski and B.D.~Quaife},
journal = {Computers and Mathematics with Applications},
volume = {61},
issue = {9},
pages = {2436--2446},
year = {2010}
}

@article{fry-kro-tor2019,
title = {An integral equation based numerical method for the forced heat
equation on complex domains},
author = {Fredrik Fryklund and Mary Catherine A.~Kropinski and
Anna-Karin Tornberg},
journal = {arxiv},
volume = {1907.08537},
year = {2019}
}

@article{kli-ask-kro2020,
title = {{A Fast Integral Equation Method for the Two-Dimensional
Navier-Stokes Equations}},
author = {Ludvig af Klinteberg and Travis Askham and Mary Catherine
Kropinski},
journal = {Journal of Computational Physics},
volume={409},
pages={109353},
year={2020},
}

@article{che-hua-lei2005,
title = {{An adaptive fast solver for the modified {H}elmholtz equation
  in two dimensions}},
author = {Hongwei Cheng and Jingfang Huang and Terry Jo Leiterman},
journal = {Journal of Computational Physics},
volume = {211},
pages = {616--637},
year = {2005}
}
