@PREAMBLE{
 "\providecommand{\noopsort}[1]{}" 
 # "\providecommand{\singleletter}[1]{#1}%" 
}

%@BOOK{Bire82,
%   author       = {N. D. Birell and P. C. W. Davies},
%   year         = 1982,
%   title        = {Quantum Fields in Curved Space},
%   publisher    = {Cambridge University Press}
%}
%
%@ARTICLE{feyn54,
%   author       = "R. P. Feynman",
%   year         = "1954",
%   journal      = "Phys.\ Rev.",
%   volume       = "94",
%   pages        = "262",
%}

@article{Lukas19,
author = {Bystricky, Lukas and Shanbhag, Sachin and Quaife, Bryan},
title = {Stable and contact-free time stepping for dense rigid particle suspensions},
journal = {International Journal for Numerical Methods in Fluids},
volume = {92},
number = {2},
pages = {94-113},
year = {2020}
}


@article{Fu20,
author = {Fu, Szu-Pei P. and Ryham, Rolf and Kl√∂ckner, Andreas and Wala, Matt and Jiang, Shidong and Young, Yuan-Nan},
title = {Simulation of Multiscale Hydrophobic Lipid Dynamics via Efficient Integral Equation Methods},
journal = {Multiscale Modeling \& Simulation},
volume = {18},
number = {1},
pages = {79-103},
year = {2020}
}



